1964 3259
353 260 438 300 488
856 269 1026 300 ROGERI
1059 267 1255 301 BAcoms
1644 262 1759 318 [cAP.

351 385 642 442 Septuaginta
672 385 836 428 habent
867 385 1142 442 pellicanum,
1174 388 1325 427 nostra
1355 385 1586 428 translatio
1628 386 1763 430 habet

350 455 687 511 porphyrionem
732 458 776 496 et
820 454 1128 506 onocrotalum,
1178 457 1223 496 et
1269 454 1366 496 ideo
1409 454 1650 509 pellicanus
1696 460 1762 498 est

352 522 636 565 onocrotalus.
702 522 775 563 Ad
807 522 888 564 hoc
919 523 1054 564 etiam
1087 521 1194 564 facit
1225 522 1343 577 quod
1375 520 1545 563 Plinius
1577 522 1762 578 diligen-

350 591 545 633 tissimus
576 594 792 632 scrutator
823 590 1091 641 animalium,
1114 605 1333 645 nusquam
1364 590 1412 631 in
1439 590 1604 632 decimo
1636 591 1760 642 libro,

350 659 428 700 ubi
449 672 552 700 aves
573 661 825 713 pertractat,
849 658 1051 699 nominat
1081 658 1344 714 pellicanum
1365 658 1447 700 sub
1469 658 1551 700 hoc
1572 658 1761 711 nomine,

351 726 426 768 sed
452 726 562 768 bene
595 725 895 767 onocrotalum
927 730 970 767 et
1001 726 1352 781 porphyrionem.
1414 725 1532 782 Ergo
1564 741 1663 768 cum
1693 727 1765 769 hic

350 798 502 836 auctor
533 809 621 836 non
653 794 790 850 possit
820 794 1023 850 redargui
1054 794 1106 836 de
1135 793 1455 845 insufficientia,
1488 795 1677 836 alterum
1707 794 1763 836 is-

351 867 496 904 torum
538 866 603 904 est
649 861 898 917 pellicanus.
963 862 1049 904 Sed
1095 861 1277 917 planum
1321 866 1386 904 est
1429 877 1484 904 ex
1530 862 1763 918 praedietis

352 931 469 986 quod
490 945 579 972 non
601 934 666 971 est
686 929 933 985 porphyrio,
952 929 1089 985 igitur
1111 933 1176 972 est
1198 930 1474 972 onocrotalus
1486 945 1495 980 3
1517 931 1593 985 qui
1614 945 1764 973 6661111-

352 999 458 1040 dum
495 996 717 1048 Plinium,¹
752 1012 779 1038 a
811 1011 896 1052 quo
929 1012 1076 1038 omnes
1108 998 1185 1038 alii
1218 997 1367 1039 Latini
1399 998 1652 1050 hauserunt,
1698 1003 1765 1041 est

351 1067 491 1107 colore
523 1065 678 1106 similis
710 1065 818 1106 olori
849 1079 925 1106 seu
955 1079 1109 1121 cygno,
1142 1080 1222 1107 nec
1254 1065 1438 1108 distaret
1470 1067 1647 1108 omnino
1679 1067 1765 1108 nisi

351 1134 397 1174 in
436 1133 632 1175 faucibus
673 1132 810 1188 ipsius
842 1133 1004 1174 inesset
1050 1132 1230 1174 alterius
1283 1133 1396 1174 uteri
1438 1148 1587 1190 genus.
1651 1134 1767 1186 Quia

351 1216 454 1243 vero
496 1201 759 1256 inexplebile
791 1201 955 1241 animal
988 1204 1065 1250 est,
1100 1200 1270 1256 cogitur
1300 1204 1352 1242 ut
1394 1201 1452 1244 sit
1496 1202 1609 1243 mira
1640 1216 1765 1257 capa-

350 1270 460 1311 citas
485 1269 533 1310 in
561 1269 759 1311 faucibus
791 1268 895 1324 ejus,
920 1283 1018 1324 quae
1049 1283 1155 1310 111οΧ
1186 1283 1284 1310 611111
1315 1268 1506 1324 perfecta
1537 1269 1672 1311 fuerit
1701 1285 1769 1311 ra-

351 1337 457 1393 pina
486 1337 590 1392 ejus,
614 1340 790 1379 revocat
811 1337 867 1378 ab
898 1337 974 1378 illo
1006 1340 1161 1378 ventre
1193 1337 1339 1378 cibum
1361 1337 1409 1378 in
1431 1352 1489 1390 os,
1512 1338 1568 1379 ad
1588 1338 1767 1379 modum

353 1405 621 1447 ruminantis
655 1405 868 1446 animalis.
933 1404 1177 1460 Porphyrio
1212 1419 1329 1455 vero,
1368 1409 1419 1447 ut
1460 1405 1525 1448 ait
1556 1405 1769 1456 Plinius,2

352 1488 500 1515 morsu
536 1473 664 1524 bibit,
701 1487 876 1515 omnem
912 1472 1059 1514 cibum
1101 1487 1216 1528 aqua
1248 1473 1385 1529 tingit
1402 1490 1413 1526 3
1461 1474 1617 1516 deinde
1660 1475 1768 1531 pede

353 1542 410 1583 ad
458 1546 649 1583 rostrum
691 1541 832 1582 veluti
879 1555 1015 1582 manu
1067 1541 1262 1583 afferens.
1327 1541 1437 1593 Quae
1473 1543 1607 1599 vulgo
1650 1557 1769 1599 spar-

357 1613 524 1665 guntur
557 1609 610 1650 de
648 1608 861 1664 pellicano
899 1608 1017 1663 quod
1054 1609 1265 1650 interficit
1305 1609 1419 1651 filios
1459 1625 1570 1662 SUOS,
1612 1625 1770 1666 eosque

357 1691 434 1732 per
483 1676 680 1718 triduum
721 1676 913 1732 languet,
949 1675 1106 1717 deinde
1148 1676 1339 1732 seipsum
1384 1681 1524 1719 rostro
1566 1678 1770 1721 vulnerat

358 1748 403 1786 et
436 1744 683 1800 aspersione
718 1744 786 1785 sui
809 1743 1036 1799 sanguinis
1074 1744 1216 1799 pullos
1248 1744 1457 1795 vivificat,
1488 1745 1604 1800 sicut
1634 1746 1768 1787 etiam

358 1812 406 1853 in
443 1812 628 1868 singulis
659 1811 881 1867 sculpitur,
919 1826 1010 1853 non
1044 1816 1110 1853 est
1143 1815 1296 1853 contra
1337 1813 1464 1864 dicta,
1507 1828 1586 1855 nec
1622 1829 1767 1869 repro-

358 1880 555 1921 bandum
604 1883 683 1932 est,
718 1894 798 1921 1166
845 1883 910 1921 est
961 1880 1180 1921 sententia
1220 1881 1420 1931 tenenda,
1459 1895 1557 1922 cum
1598 1880 1770 1924 Plinius

358 1948 470 1989 nihil
522 1949 667 2004 tangit
724 1948 779 1990 de
832 1948 923 1998 hoc,
982 1962 1061 1989 nec
1120 1948 1195 1989 alii
1245 1952 1453 2000 auctores,
1505 1949 1591 1992 nisi
1652 1951 1768 2007 quod

360 2014 587 2058 Isidorus3
628 2015 823 2071 loquitur
856 2016 1093 2057 secundum
1128 2016 1374 2072 opinionem
1408 2018 1645 2074 vulgatam.

133 2099 201 2131 eth.
227 2099 317 2132 Con·
422 2084 558 2127 Casus
608 2099 711 2126 vero
763 2085 947 2126 ultimus
1003 2084 1139 2127 currit
1204 2100 1281 2141 per
1346 2088 1487 2128 totam
1549 2086 1769 2140 Bibliam3

132 2144 342 2220 gigiffloinlihs
360 2153 568 2208 quoniam
617 2152 720 2194 licet
762 2166 912 2194 omnes
963 2152 1039 2193 alii
1091 2167 1213 2194 casus
1238 2154 1562 2214 excludantur,
1611 2156 1770 2211 quibus

134 2233 342 2264 andseasons
362 2221 605 2276 requiritur
641 2221 875 2262 necessitas
911 2221 1199 2276 expositionis
1234 2236 1312 2278 per
1350 2222 1551 2265 Graecum
1593 2227 1637 2265 et
1679 2223 1769 2266 He-

133 2277 324 2362 ffieggiggffd
361 2290 541 2342 1116611111,
585 2293 735 2331 tamen
776 2289 857 2331 iste
900 2293 1106 2340 remanet,
1146 2290 1221 2345 qui
1256 2290 1418 2346 ubique
1464 2291 1648 2333 diffusus
1689 2295 1766 2342 est,

134 2368 216 2397 ture.
360 2358 413 2399 de
451 2372 536 2412 quo
573 2357 752 2398 infinita
785 2357 985 2412 exempla
1020 2360 1134 2407 sunt,
1173 2372 1358 2413 quorum
1388 2373 1527 2414 pauca
1560 2359 1617 2400 ad
1657 2374 1766 2415 prae-

358 2439 455 2466 sens
506 2428 700 2480 tangam,
749 2425 853 2478 quia
902 2424 978 2465 diu
1007 2425 1195 2466 tractavi
1229 2440 1290 2477 ea,
1334 2440 1432 2481 quae
1467 2427 1524 2468 ad
1566 2426 1766 2468 Graecum

359 2491 583 2547 pertinent
640 2495 684 2532 et
739 2491 991 2533 Hebraeum.
1076 2491 1135 2533 Et
1188 2493 1378 2548 primum
1436 2493 1551 2548 quod
1606 2507 1766 2548 ponam

358 2558 518 2601 sufficit
554 2559 611 2600 ad
645 2558 963 2600 confirmandos
1005 2573 1153 2601 omnes
1195 2560 1417 2616 theologos
1459 2564 1503 2602 et
1543 2560 1649 2603 alios
1690 2562 1767 2617 qui

401 2791 408 2809 ¹
425 2790 585 2832 Plinium]
616 2789 659 2822 N.
676 2788 721 2822 H.
738 2800 773 2824 X.
791 2793 843 2823 66.
1116 2792 1128 2810 ³
1146 2791 1309 2835 Isidorus]
1332 2793 1445 2834 Etym.
1463 2792 1522 2824 xii.
1542 2794 1570 2825 7.

400 2844 410 2862 ²
426 2842 572 2886 Plinius]
592 2843 636 2877 ib.
654 2847 704 2876 63.
