1964 3259
376 257 461 298 334
884 265 1054 296 ROGERI
1085 264 1278 296 BACONIS

374 381 499 423 illum
521 384 720 438 'propter
763 381 1115 438 magnitudinem
1158 380 1413 437 contempti,
1459 383 1503 422 et
1558 379 1785 422 adhaerent

374 450 487 491 libro
550 450 902 492 Conclusionum.
988 450 1048 491 Et
1090 449 1188 491 ideo
1232 449 1308 504 qui
1356 448 1516 490 volunt
1573 446 1785 504 corrigere

376 522 553 560 textum
606 521 785 560 mutant
838 518 1072 573 antiquam
1124 517 1472 574 grammaticam,
1517 531 1650 572 quam
1712 531 1785 572 op-

374 587 483 629 time
517 587 648 629 scivit
690 587 1002 642 Hieronymus,
1043 586 1118 642 qui
1159 585 1405 637 transtulit,
1453 599 1502 627 eo
1536 584 1655 641 quod
1696 584 1787 626 Do-

375 659 508 697 natus
543 670 740 712 magnus,
775 658 821 697 et
856 655 994 710 major
1026 654 1274 696 Priscianus
1318 654 1404 696 fuit
1441 654 1533 710 ejus
1566 652 1784 709 magister.

375 724 494 765 Nam
536 724 586 765 in
628 723 848 780 aliquibus
892 723 1040 766 deficit
1077 723 1327 765 Priscianus
1363 723 1442 764 ubi
1485 722 1785 777 Hieronymus

375 792 617 834 rectissime
654 792 798 834 sensit.
863 792 1084 834 Praeterea
1123 792 1321 848 specialis
1356 806 1486 833 causa
1520 790 1676 833 erroris
1708 793 1784 841 est,

376 860 493 916 quod
535 875 626 902 non
673 861 914 902 advertunt
967 875 1054 916 qua
1102 859 1391 902 translatione
1432 859 1576 901 utitur
1610 858 1787 901 ecclesia

377 929 648 970 Latinorum.
728 928 847 970 Nam
888 932 1069 985 propter
1120 928 1202 970 hoc
1245 929 1362 984 quod
1402 928 1558 970 vident
1609 927 1785 969 literani

377 998 717 1039 diversificatam
790 997 1030 1039 secundum
1091 997 1237 1053 capita
1298 996 1585 1048 diversorum,
1648 996 1787 1038 credit

374 1066 534 1122 vulgus
585 1065 904 1120 theologorum,
948 1065 1064 1120 quod
1109 1079 1199 1107 non
1247 1065 1307 1107 sit
1366 1064 1601 1107 translatio
1663 1063 1784 1106 beati

378 1133 658 1190 Hieronymi,
702 1133 779 1175 sed
822 1133 911 1174 alia
953 1133 1098 1175 versio
1155 1133 1300 1174 mixta
1340 1136 1384 1174 et
1440 1133 1677 1189 compilata
1728 1147 1784 1174 ex

374 1202 568 1244 diversis.
648 1201 708 1243 Et
748 1204 928 1258 propter
979 1201 1060 1243 hoc
1109 1215 1209 1243 cum
1250 1200 1403 1256 majori
1444 1201 1652 1243 libertate
1683 1201 1786 1242 mis-

374 1274 528 1312 centur
570 1269 784 1312 vocabula
827 1284 924 1325 quae
966 1269 1136 1312 volunt.
1204 1268 1292 1311 Sed
1339 1269 1461 1310 istud
1502 1268 1783 1310 falsissimum

373 1344 452 1382 est.
516 1339 635 1380 Nam
657 1338 750 1380 sola
776 1338 1068 1380 translatione
1092 1337 1361 1393 Hieronymi
1387 1340 1576 1378 utuntur
1597 1337 1784 1380 ecclesiae

373 1408 646 1458 Latinorum,
691 1409 853 1462 praeter
905 1406 1181 1459 Psasterium,
1247 1406 1364 1462 quod
1407 1409 1473 1447 est
1527 1406 1579 1447 de
1642 1409 1786 1448 trans-

372 1477 538 1518 latione
583 1476 879 1532 Septuaginta
910 1475 1219 1531 interpretum,
1274 1475 1391 1529 quod
1427 1474 1526 1516 ideo
1556 1475 1782 1525 remansit,

373 1545 478 1600 quia
508 1544 666 1586 modol
699 1544 785 1585 fuit
810 1544 1043 1599 vulgatum
1076 1544 1123 1584 in
1157 1543 1335 1585 ecclesia
1367 1542 1452 1584 Dei
1483 1546 1589 1584 ante
1623 1542 1785 1598 quam2

374 1613 675 1668 Hieronymus
719 1612 953 1653 transtulit
997 1626 1147 1653 eorum
1194 1611 1532 1652 translationem
1574 1611 1622 1652 in
1662 1611 1784 1652 Lati-

371 1696 491 1731 num,
532 1684 577 1722 et
629 1679 820 1722 correxit
862 1680 985 1720 illam
1053 1694 1151 1721 cum
1206 1679 1424 1720 asteriscis
1485 1683 1530 1720 et
1597 1679 1744 1721 obelis.
1767 1678 1783 1702 3

373 1749 433 1790 Et
464 1749 562 1790 ideo
594 1751 826 1804 reputatur
858 1747 983 1802 quasi
1014 1747 1247 1788 translatio
1271 1747 1536 1803 Hieronymi
1556 1763 1565 1799 3
1588 1747 1664 1789 sed
1695 1762 1783 1789 non

373 1820 449 1867 est,
494 1817 596 1873 quia
638 1831 716 1858 sua
757 1820 823 1857 est
860 1815 1114 1857 immediate
1148 1816 1201 1857 de
1244 1815 1446 1857 Hebraeo.

150 1905 308 1938 Aceount
435 1885 652 1937 Quoniam
699 1899 802 1926 vero
854 1884 1104 1940 ignorantia
1149 1883 1451 1925 translationis
1503 1898 1589 1939 qua
1640 1883 1784 1925 utitur

147 1951 301 2028 332¹?th
371 1954 547 1997 ecclesia
577 1953 710 1995 faciat
742 1952 932 1994 multum
964 1952 1017 1993 (16
1048 1966 1193 1993 errore
1234 1952 1282 1993 in
1323 1951 1586 1994 correctione
1619 1955 1783 2004 textus,

150 2041 310 2072 <versione
372 2023 467 2064 ideo
509 2022 609 2064 volo
651 2022 721 2063 hic
761 2021 900 2062 facere
943 2021 1184 2076 capitulum
1230 2020 1282 2062 cle
1324 2020 1403 2061 hac
1436 2035 1494 2072 re,
1533 2023 1585 2062 ut
1626 2025 1784 2063 vestrae

372 2091 522 2148 gloriae
568 2091 781 2132 veraciter
826 2089 1138 2145 persuadeatur
1181 2088 1298 2144 quod
1345 2089 1583 2130 tenendum
1635 2089 1693 2130 sit
1738 2090 1785 2130 in

375 2161 454 2202 hac
485 2163 620 2215 parte.
699 2157 829 2210 Quod
866 2162 1014 2199 autem
1066 2158 1113 2198 in
1165 2157 1351 2199 ecclesiis
1393 2157 1652 2198 Latinorum
1694 2157 1786 2199 sola

374 2228 604 2270 translatio
628 2227 892 2282 Hieronymi
925 2226 982 2267 sit
1013 2226 1060 2267 in
1090 2241 1173 2267 usu
1203 2228 1337 2281 patet,
1361 2229 1405 2266 et
1427 2226 1541 2280 quod
1573 2226 1666 2267 haec
1697 2226 1786 2267 sola

376 2297 433 2338 sit
470 2297 517 2337 in
564 2296 766 2337 omnibus
811 2294 968 2336 Bibliis
1011 2294 1269 2336 Latinorum
1311 2296 1470 2349 praeter
1512 2293 1782 2343 Psalterium,

375 2365 478 2405 licet
514 2365 572 2405 sit
608 2362 911 2418 multipliciter
946 2377 1024 2417 per
1056 2362 1286 2417 scriptores
1331 2365 1375 2402 et
1417 2364 1675 2403 correctores
1712 2361 1783 2402 de-

377 2435 561 2488 pravata
591 2432 638 2471 in
670 2430 910 2484 exemplari
947 2430 1192 2480 Parisiensi,
1225 2430 1437 2483 probatur
1473 2428 1783 2483 multipliciter.

378 2501 437 2541 Et
459 2500 600 2555 primo
629 2513 706 2554 per
728 2498 954 2547 Isidorum,
978 2497 1090 2538 libro
1117 2497 1184 2538 De
1208 2496 1371 2538 Officiis
1391 2494 1430 2537 :4
1464 2496 1570 2537 “De
1594 2496 1783 2539 Hebraeo

378 2573 402 2591 “
434 2569 481 2609 in
507 2568 715 2610 Latinum
748 2565 967 2621 eloquium
998 2565 1298 2620 Hieronymus
1330 2564 1558 2620 presbyter
1589 2567 1784 2606 tantum-

378 2682 1185 2691 -V-dffl

422 2757 430 2776 ¹
449 2754 554 2797 modo]
574 2764 638 2786 om.
655 2753 766 2794 Hody.
1155 2751 1166 2768 ³
1183 2748 1294 2792 obelis]
1321 2749 1462 2789 rebellis,
1479 2749 1554 2783 MS.

423 2810 435 2827 ²
452 2813 526 2840 ante
541 2807 651 2849 quam]
680 2806 792 2848 Hody.
834 2803 941 2846 Atque
957 2804 1041 2845 quia,
1157 2804 1168 2821 ⁴
1182 2802 1238 2834 De
1258 2802 1403 2845 Officiis]
1425 2803 1445 2834 i.
1463 2806 1513 2836 12.

378 2861 452 2894 MS.
