1964 3259
788 278 1001 310 PREFACE.
1521 268 1589 310 liii

191 395 350 436 scribes
381 395 434 449 it)
468 395 521 435 he
552 395 638 436 had
669 394 805 448 urged
845 393 920 434 the
962 392 1177 447 necessity
1219 406 1275 433 011
1318 392 1391 433 the
1437 393 1589 433 Latius
1608 399 1775 449 Encyclm

191 462 239 502 of
264 462 491 517 acquiring
521 462 595 502 the
635 475 855 516 grammar
896 460 945 500 of
969 460 1044 501 the
1078 459 1232 511 Greek,
1266 459 1470 511 Hebrew,
1503 461 1589 501 and
1608 445 1747 519 ξξξῗῖωἰ

190 529 352 571 Arabio
393 533 587 584 tongues,
621 542 667 569 as
714 542 771 568 an
814 527 1136 582 indispensable
1180 527 1469 582 preliminary
1510 531 1589 568 not,

190 597 355 651 merely
375 600 421 637 to
451 596 527 637 the
558 595 819 650 philosophy
840 595 889 635 of
913 609 1142 650 grammar,
1165 595 1248 636 but,
1269 598 1315 636 to
1337 595 1412 636 the
1444 594 1589 650 acqui-

191 664 323 705 sition
353 663 401 704 of
430 662 488 704 all
519 663 644 704 other
674 662 866 703 sciences.
930 662 990 703 To
1024 662 1113 703 this
1145 662 1197 703 he
1229 662 1315 703 had
1347 662 1588 717 subjoined,

190 731 237 772 111
267 730 341 772 the
368 729 522 771 second
558 733 669 785 part„
702 744 728 770 a
758 728 936 770 treatise
968 744 1024 770 on
1055 729 1175 785 logio.
1230 730 1320 771 The
1351 730 1472 771 third
1503 730 1590 771 ancl

191 798 338 839 fourth
369 800 490 853 parts
541 806 654 838 were
708 796 911 851 occupied
952 796 1063 837 with
1105 797 1279 852 physics
1336 797 1424 838 ancl
1455 800 1586 838 meta-

188 865 372 920 physics,
408 864 685 907 Communia
724 863 1032 906 Naturalium
1088 864 1177 905 and
1220 865 1285 905 De
1326 863 1593 919 Principiis

189 946 347 974 rerum
376 931 696 974 Nt‘ctzm‘cdium.
760 931 892 972 From
918 931 1041 972 these
1075 931 1130 972 he
1164 931 1404 974 descended
1437 935 1484 973 to
1516 932 1591 973 the

191 999 510 1041 consideration
542 999 592 1040 of
616 998 880 1054 speculative
912 997 1138 1054 alehemy)
1173 1000 1272 1052 and,
1305 1014 1352 1041 so
1383 1000 1448 1040 far
1479 1014 1524 1040 as
1568 1000 1589 1040 Ι

236 1225 244 1243 ¹
262 1223 314 1255 As
330 1223 396 1255 this
413 1225 504 1255 word
520 1223 580 1254 has
597 1233 639 1253 an
656 1222 736 1263 ugly
754 1221 860 1252 sound

190 1275 224 1306 in
240 1275 400 1307 scientific
418 1285 499 1313 ears,
516 1275 534 1306 Ι
549 1275 618 1305 will
633 1274 711 1305 here
728 1273 859 1314 subjoin

193 1337 212 1358 a
227 1338 365 1368 passage
382 1327 465 1358 from
489 1327 544 1358 the
560 1327 633 1358 MS.
652 1326 763 1357 which
790 1325 859 1355 will

190 1390 283 1410 more
320 1380 404 1420 fully
443 1379 577 1419 explain
617 1378 707 1408 what
744 1378 859 1408 Bacon

191 1437 304 1462 meant
329 1433 373 1472 by
401 1431 554 1471 alchemy
571 1444 625 1462 :—

237 1487 255 1500 “
280 1484 331 1514 De
380 1482 591 1524 geometrica,
642 1491 708 1512 11011
756 1482 860 1512 solum

192 1537 210 1552 ‘⁶
236 1535 447 1576 speculativa,
472 1536 528 1565 sed
558 1533 666 1574 magis
704 1533 859 1573 practica,

191 1591 210 1604 “
234 1593 359 1618 certum
398 1592 447 1618 est
473 1588 560 1627 quod
595 1586 731 1616 effectus
768 1590 860 1615 natu*

192 1642 211 1657 “
235 1640 320 1671 rales
344 1639 424 1670 satis
451 1643 558 1680 egent,
576 1638 660 1669 sicut
682 1636 802 1668 accidit
826 1636 860 1666 in

192 1691 451 1723 “fabricatione
487 1690 694 1731 speculorum
728 1690 860 1720 combu-

192 1747 211 1762 “
236 1745 378 1775 rentium
414 1749 446 1775 et
490 1743 689 1784 figuratione
738 1741 861 1783 perspi-

191 1801 210 1814 “
235 1807 347 1828 corum
372 1802 404 1828 et
426 1797 603 1827 multorum
627 1795 861 1826 instrumento-

193 1851 213 1866 “
238 1859 322 1888 rum,
354 1849 389 1879 in
423 1848 542 1889 quibus
566 1848 795 1884 ostenduntur,
831 1851 862 1877 et

192 1903 294 1941 “per
328 1910 400 1942 quae
436 1900 520 1931 fiunt
551 1899 711 1931 miracula
747 1908 861 1938 opera—

194 1957 212 1971 “
236 1954 365 1985 tionum
402 1957 539 1990 naturae,
585 1956 622 1982 ut
668 1949 860 1990 explanabi-

195 2010 213 2026 “
240 2011 294 2037 tur
334 2005 483 2035 inferius.
545 2004 591 2034 Et
630 2002 704 2033 ideo
747 2003 861 2033 volens

193 2064 212 2078 “
236 2059 318 2090 scire
335 2056 582 2098 generationem
604 2065 713 2086 rerum
730 2054 861 2085 univer-

195 2115 215 2129 “
240 2111 342 2142 salem
358 2108 568 2144 naturalium,
582 2117 650 2139 non
666 2111 773 2147 potest
788 2116 861 2146 pro-

196 2168 214 2182 “
236 2164 334 2195 ficere
349 2161 415 2193 11151
430 2171 488 2202 per
503 2158 754 2191 mathematicas
769 2169 861 2199 prac-

197 2221 214 2234 “
236 2216 318 2247 ticas
346 2219 378 2245 et
405 2212 632 2254 speculativas,
650 2215 681 2243 et
708 2211 862 2242 scientias

196 2272 214 2286 ‘⁵
237 2272 428 2308 aspectuum
466 2270 497 2296 et
527 2265 736 2305 ponderum;
777 2263 863 2294 sicut

196 2323 216 2338 “
241 2320 430 2352 desiderans
468 2317 552 2349 scire
601 2316 636 2347 111
673 2314 862 2356 particulari

197 2377 215 2391 ‘⁶
239 2371 486 2414 generationem
512 2370 632 2400 harum
657 2378 767 2399 rerum
794 2377 860 2397 non

197 2429 216 2444 ‘⁶
239 2429 345 2466 potest
369 2422 451 2454 scire
475 2421 599 2462 aliquid
627 2420 767 2461 dignum
791 2419 861 2450 sine

199 2478 216 2494 “
242 2475 390 2517 alkymia
427 2479 459 2505 et
485 2473 687 2514 agricultura
713 2472 858 2512 philoso-

197 2531 217 2546 “
239 2528 339 2569 phica
362 2531 393 2558 et
416 2525 555 2557 scientia
582 2524 833 2565 experimentali
852 2536 860 2561 ;

198 2584 218 2599 “
242 2591 280 2612 eo
297 2581 395 2621 quod,
410 2583 447 2609 ut
462 2577 577 2619 patuit,
593 2577 628 2607 in
644 2576 753 2617 prima
768 2580 862 2616 parte

197 2637 216 2651 “
238 2633 338 2674 hujus
366 2631 482 2672 operis,
507 2635 538 2661 et
561 2630 597 2660 in
620 2629 728 2670 prima
754 2628 862 2669 specie

196 2688 215 2703 ‘⁶
239 2684 406 2726 qualitatis
429 2682 465 2713 in
489 2692 554 2723 qua
576 2681 722 2713 scientia:
746 2680 862 2712 distin-

197 2739 216 2755 “
240 2742 395 2778 guuntur‚
426 2735 609 2775 Alkyme'stae
644 2733 865 2765 determinant

199 2792 218 2807 “
239 2790 280 2820 de
303 2789 457 2819 omnibus
478 2788 576 2818 rebus
603 2785 804 2823 inanimatis,
828 2784 863 2814 in

199 2843 219 2859 “
242 2840 444 2881 particulari,
461 2840 501 2870 ab
518 2837 688 2870 elementis
704 2838 745 2869 ad
756 2841 864 2878 partes

317 2905 414 2935 VOL.
448 2905 473 2934 I.

924 1223 943 1237 “
966 1220 1160 1252 animalium
1192 1225 1224 1252 et
1254 1221 1460 1261 planetarum
1488 1221 1592 1252 inclu-

925 1276 943 1290 “
968 1273 1046 1304 sive.
1086 1273 1130 1304 Et
1146 1273 1350 1314 agricultura
1362 1273 1594 1314 philosophica

925 1328 944 1342 “
968 1325 1166 1356 determinat
1193 1325 1228 1355 in
1256 1325 1389 1366 propria
1416 1325 1594 1366 disciplina

925 1380 944 1394 ‘⁶
968 1387 1082 1408 01111105
1121 1377 1297 1409 varietates
1335 1383 1527 1409 naturarum
1562 1382 1594 1409 et

926 1431 945 1446 ‘⁴
969 1429 1206 1469 proprietatum
1237 1429 1273 1460 in
1304 1430 1427 1470 plantis
1458 1435 1490 1461 ct
1520 1429 1593 1461 ani-

926 1484 944 1498 “
966 1482 1127 1519 nialibus;
1153 1483 1333 1513 secundum
1358 1483 1445 1523 quod
1461 1482 1594 1512 Aristo-

925 1536 944 1550 ‘⁴
968 1533 1058 1569 teles‚
1082 1533 1324 1574 quinquaginta
1357 1533 1593 1570 voluminibus,

926 1588 945 1602 ‘⁴
969 1585 1150 1626 explicavit
1165 1590 1298 1616 naturas
1323 1590 1354 1616 et
1377 1585 1594 1626 proprietates

926 1640 944 1654 ‘⁶
970 1637 1184 1675 animalium3
1210 1643 1241 1668 et
1258 1637 1293 1667 in
1309 1638 1422 1668 multis
1439 1638 1532 1669 libris
1557 1648 1595 1669 ea

972 1700 1043 1730 quae
1072 1691 1114 1720 ad
1140 1690 1269 1730 plantas
1296 1689 1463 1730 pertinent
1487 1690 1594 1730 expli-

927 1745 946 1759 “
969 1747 1103 1773 caverat
1130 1742 1211 1783 ipse,
1241 1747 1273 1773 et
1304 1742 1361 1773 alii
1392 1742 1593 1783 philosophi,

970 1794 1079 1834 quiin
1103 1794 1198 1825 libris
1225 1794 1432 1825 naturalibus
1456 1805 1594 1834 quorum

971 1851 1020 1877 est
1036 1846 1071 1876 in
1087 1846 1269 1877 universali
1286 1847 1326 1877 de
1348 1846 1414 1877 illis
1441 1847 1594 1878 determi-

928 1902 946 1915 “
968 1908 1058 1936 nare,
1075 1908 1143 1929 non
1166 1903 1304 1938 possunt
1319 1908 1380 1929 1100
1404 1899 1523 1929 debent
1540 1909 1595 1930 co-

928 1954 946 1968 “
967 1951 1097 1990 arctari,
1115 1950 1200 1981 sicut
1214 1960 1276 1982 nec
1292 1960 1330 1981 ea
1346 1961 1418 1991 quae
1435 1952 1475 1982 de
1498 1952 1596 1982 rebus

969 2003 1162 2033 inanimatis
1189 2003 1324 2034 scienda
1351 2008 1437 2042 sunt,
1463 2008 1495 2034 et
1522 2014 1594 2044 quae

968 2054 1154 2096 alkymistae
1190 2055 1358 2095 explicant
1389 2055 1424 2085 in
1452 2055 1595 2095 particu-

968 2107 1040 2138 lari.
1089 2107 1237 2138 Scientia
1261 2112 1370 2138 autern
1386 2108 1596 2148 particularis

971 2158 1214 2201 (ea-perimente!
1227 2160 1364 2199 scicnce)
1380 2161 1476 2190 docet
1499 2160 1595 2191 certi-

928 2214 947 2229 “
968 2211 1067 2242 ficare
1094 2221 1208 2242 omnes
1240 2211 1470 2243 conclusiones
1500 2216 1595 2243 natu-

973 2263 1051 2294 ralis
1063 2263 1291 2304 philosophice,
1306 2264 1393 2304 quod
1409 2274 1476 2293 non
1490 2269 1596 2304 potest

929 2316 1130 2347 “naturalis
1160 2315 1369 2356 philosophia
1407 2316 1529 2347 tradita
1559 2316 1595 2346 in

928 2373 947 2386 ‘⁵
970 2367 1063 2399 libris
1100 2368 1294 2399 Aristotelis
1332 2370 1418 2409 apud
1456 2368 1595 2399 Latinos

929 2423 947 2437 “
971 2420 1124 2461 vulgatis,
1141 2419 1208 2451 11151
1224 2420 1312 2451 circa
1329 2430 1388 2451 sua
1402 2420 1567 2460 principia
1585 2434 1592 2457 3

927 2476 946 2490 “
970 2472 1127 2514 quoniam
1154 2482 1213 2513 per
1241 2478 1437 2513 argumenta
1462 2473 1596 2503 conclu-

929 2528 947 2543 “
971 2525 1046 2556 dit*
1072 2525 1301 2556 conclusiones
1331 2535 1374 2556 ex
1412 2524 1595 2565 principiis,

927 2580 947 2594 ‘⁶
971 2577 1110 2608 sednon
1139 2576 1269 2607 invenit
1296 2586 1351 2607 eos
1377 2586 1436 2617 per
1467 2577 1596 2616 experi-

929 2631 948 2646 “
972 2629 1141 2666 mennam,
1164 2633 1196 2659 et
1218 2628 1294 2659 ideo
1319 2628 1500 2659 certificare
1528 2637 1595 2658 non

930 2683 950 2698 ‘⁶
973 2686 1079 2722 potest
1095 2681 1167 2712 sine
1182 2681 1245 2711 hac
1262 2680 1431 2712 scientia.''

928 1848 947 1863 (ί

1203 2836 1271 2878 091
