1964 3259
139 666 229 699 A‚D.
252 669 344 698 1267.

365 268 451 314 278
872 278 1043 311 nerm
1074 273 1221 310 13ᾹοοΝ
1228 279 1270 309 is
1649 269 1764 326 [CAP.

364 389 472 431 Idus
505 389 769 439 Decembris,
804 388 882 431 ubi
914 404 1030 431 1111110
1067 392 1134 432 est
1165 387 1418 440 solstitium,
1452 389 1567 431 fiunt
1609 404 1768 432 novem

365 458 469 509 dies,
517 458 675 514 quibus
721 458 919 500 aseendit
961 459 1042 501 1100
1087 457 1339 500 solstitium.
1406 457 1494 500 Sed
1537 458 1594 500 ab
1640 459 1769 501 annis

363 526 636 583 probationis
704 527 937 570 Ptolomaei
998 530 1103 569 sunt
1152 542 1269 569 nunc
1316 528 1369 569 de
1413 527 1541 569 annis
1588 527 1770 569 Domini

364 596 484 638 mille
516 599 697 638 eentum
727 596 892 652 viginti
924 599 1123 653 septem3
1166 611 1215 639 eo
1239 597 1357 652 quod
1389 611 1507 639 1111110
1538 596 1597 639 sit
1634 611 1774 638 annus

364 664 546 707 Domini
577 664 836 707 millesimus
868 665 1192 707 ducentesimus
1223 666 1519 723 sexagesimus
1547 665 1771 722 septimus,

363 749 390 776 a
421 733 579 790 quibus
610 734 648 776 si
680 733 915 777 demantur
956 737 1134 776 eentum
1176 735 1484 792 quadraginta,
1517 735 1594 791 qui
1635 734 1772 776 fluxe-

362 807 466 846 rant
496 803 552 845 ab
585 803 897 845 Inearnatione
928 817 1065 859 usque
1096 803 1153 845 ad
1194 804 1502 859 probationem
1534 802 1775 855 Ptolomaei,

364 872 657 915 remanebunt
688 871 809 914 mille
841 876 1019 914 centum
1050 872 1214 929 viginti
1245 876 1425 929 septem.
1488 871 1577 914 Sed
1608 872 1656 913 in
1688 872 1775 914 isto

363 946 561 998 tempore
611 956 730 983 nuno
791 940 908 983 dicto
967 944 1143 983 eentum
1194 941 1358 998 viginti
1410 940 1605 998 quinque
1667 941 1775 982 anni

363 1010 643 1066 reperiuntur
674 1009 837 1060 nonies,
872 1013 916 1051 et
948 1010 1035 1052 duo
1067 1010 1173 1051 anni
1203 1010 1351 1063 ultra3
1384 1013 1651 1066 quapropter
1692 1009 1773 1051 hoe

363 1083 548 1135 tempus,
581 1079 628 1120 id
660 1082 738 1131 est,
763 1081 940 1120 eentum
970 1078 1135 1135 viginti
1167 1079 1362 1135 quinque
1394 1079 1510 1132 anni,
1534 1078 1641 1120 satis
1673 1093 1771 1120 con-

363 1148 488 1190 venit
520 1162 618 1189 cum
650 1162 833 1189 numero
865 1161 1082 1189 annorum
1116 1146 1312 1200 Christi3
1353 1153 1406 1189 ut
1449 1162 1618 1204 semper
1657 1162 1772 1189 unus

363 1217 456 1259 dies
486 1217 534 1258 in
565 1221 691 1259 tanto
723 1220 919 1273 tempore
951 1217 1178 1259 minuatur
1209 1217 1263 1258 de
1296 1217 1548 1272 quantitate
1580 1216 1697 1266 anni,
1729 1219 1774 1258 et

365 1287 544 1329 denotet
573 1286 869 1328 mutationem
912 1285 1094 1327 solstitii
1136 1289 1181 1328 et
1224 1285 1488 1341 aequinoctii.

424 1356 650 1398 Protestor
681 1359 831 1398 tamen
853 1355 970 1411 quod
991 1354 1040 1396 in
1059 1357 1188 1396 tanta
1210 1355 1467 1397 difficultate
1499 1369 1589 1397 non
1620 1354 1775 1410 loquor

363 1425 552 1482 praeoise,
595 1424 671 1467 sed
702 1425 894 1466 multum
946 1424 1192 1481 propinque
1238 1425 1420 1466 veritati
1472 1424 1775 1476 certificandae,

364 1509 591 1551 usquequo
613 1497 760 1536 currat
781 1493 926 1535 finalis
947 1493 1150 1550 probatio
1172 1508 1302 1550 super
1322 1493 1429 1535 anni
1457 1494 1708 1550 quantitate
1729 1495 1775 1535 et

363 1563 610 1605 mutatione
642 1562 939 1605 solstitiorum.
983 1562 1068 1604 Per
1081 1562 1176 1618 jam
1200 1563 1318 1605 dieta
1347 1565 1510 1615 tamen,
1536 1563 1774 1605 secundum

362 1631 669 1688 probationem
713 1630 955 1683 Ptolomaei,
987 1645 1076 1673 non
1107 1631 1256 1687 potuit
1286 1631 1334 1672 in
1365 1635 1520 1674 octavo
1552 1631 1776 1674 Kalendas

363 1701 394 1743 J
398 1700 600 1743 anuarii¹
647 1715 738 1742 esse
770 1699 1007 1742 solstitium
1038 1699 1239 1756 hyemale
1281 1699 1327 1741 in
1370 1703 1565 1756 tempore
1597 1699 1775 1741 Nativi-

366 1771 472 1812 tatis
519 1769 712 1820 Domini,
745 1770 821 1811 sed
868 1769 1066 1825 oportuit
1097 1768 1216 1824 quod
1246 1767 1295 1810 in
1327 1768 1495 1811 decimo
1533 1768 1771 1819 Kalendas,

364 1854 413 1881 eo
446 1838 564 1894 quod
595 1838 643 1880 in
674 1841 852 1880 eentum
884 1837 1179 1894 quadraginta
1210 1837 1338 1879 annis
1370 1852 1396 1879 a
1428 1842 1623 1894 tempore
1644 1837 1773 1879 Nati-

363 1908 518 1950 vitatis
569 1922 706 1963 usque
758 1907 813 1949 ad
865 1906 1170 1962 probationem
1221 1905 1450 1949 Ptolomaei
1493 1921 1583 1948 non
1628 1907 1775 1963 potuit

366 1976 530 2018 mutari
563 1975 802 2018 solstitium
845 1989 931 2031 per·
968 1978 1058 2018 tres
1103 1975 1205 2026 dies,
1239 1990 1380 2031 neque
1427 1990 1504 2032 per
1547 1976 1667 2028 duos,
1699 1975 1775 2018 sed

365 2061 442 2102 per
472 2060 612 2087 unum
644 2048 689 2087 et
720 2048 891 2101 partem
923 2045 976 2087 de
1009 2045 1105 2087 alio.
1154 2044 1214 2086 Et
1235 2044 1334 2087 ideo
1356 2044 1524 2086 decimo
1554 2044 1776 2086 Kalendas

367 2114 572 2156 Januarii
600 2114 748 2170 potuit
779 2128 881 2164 esse,
904 2114 1141 2156 seeundum
1163 2114 1279 2169 quod
1311 2113 1575 2156 Ptolomaeus
1605 2113 1778 2155 invenit

367 2183 597 2226 undecimo
630 2183 864 2225 Kalendas.
928 2183 988 2225 Et
1019 2196 1117 2225 eum
1149 2197 1226 2239 per
1258 2183 1443 2225 eandem
1472 2182 1776 2238 probationem

367 2252 596 2295 Ptolomaei
636 2252 784 2309 potuit
824 2251 1136 2308 aequinoctium
1179 2251 1321 2308 primo
1364 2265 1479 2293 anno
1510 2250 1556 2293 N
1559 2251 1776 2294 ativitatis

371 2322 502 2363 fuisse
553 2321 785 2363 undecimo
828 2320 1052 2363 Kalendas
1104 2320 1284 2376 Aprilis,
1337 2335 1427 2362 non
1487 2320 1636 2376 potuit
1687 2334 1777 2362 esse

370 2393 538 2439 octavo,
571 2390 684 2431 sicut
727 2389 869 2445 primo
900 2389 1181 2431 crediderunt
1223 2389 1271 2429 in
1318 2388 1496 2430 eeclesia
1537 2388 1774 2444 primitiva,

370 2461 416 2499 et
446 2458 574 2514 longe
605 2457 746 2513 magis
776 2455 866 2499 non
887 2458 1035 2513 potuit
1066 2471 1157 2499 esse
1187 2457 1258 2498 1112
1292 2457 1545 2498 duodecimo
1566 2456 1778 2499 kalendas

372 2526 550 2582 Aprilis,
583 2525 696 2568 sieut
727 2540 844 2567 1111110
886 2525 1090 2576 creditur,
1123 2525 1360 2567 seeundum
1403 2539 1531 2567 usum
1577 2525 1778 2568 ecclesiae.

377 2594 493 2647 Quia
523 2608 621 2637 cum
654 2608 825 2651 semper
856 2593 1053 2637 ascendit
1084 2593 1409 2650 aequinoctium,
1432 2597 1478 2636 et
1504 2594 1552 2636 in
1584 2597 1781 2651 tempore

424 2893 430 2911 ³
449 2892 630 2936 Januarii]
659 2903 723 2926 om.
742 2893 781 2926 Τ.
799 2886 838 2926 B,
1056 2890 1066 2937 J
1131 2893 1142 2911 ²
1158 2870 1210 2935 ivi]
1231 2901 1300 2926 om.
1318 2890 1360 2927 Τ.
