<?xml version="1.0" encoding="UTF-8"?>
<!DOCTYPE html PUBLIC "-//W3C//DTD XHTML 1.0 Transitional//EN"
    "http://www.w3.org/TR/xhtml1/DTD/xhtml1-transitional.dtd">
<html xmlns="http://www.w3.org/1999/xhtml" xml:lang="en" lang="en">
 <head>
  <title>
</title>
<meta http-equiv="Content-Type" content="text/html;charset=utf-8" />
  <meta name='ocr-system' content='tesseract 3.04.00' />
  <meta name='ocr-capabilities' content='ocr_page ocr_carea ocr_par ocr_line ocrx_word'/>
</head>
<body>
  <div class='ocr_page' id='page_1' title='image "./frrogeribaconope00baco_0531.png"; bbox 0 0 1964 3259; ppageno 0'>
   <div class='ocr_carea' id='block_1_1' title="bbox 181 232 1580 288">
    <p class='ocr_par' dir='ltr' id='par_1_1' title="bbox 181 232 1580 288">
     <span class='ocr_line' id='line_1_1' title="bbox 181 232 1580 288; baseline 0.004 -15"><span class='ocrx_word' id='word_1_1' title='bbox 181 232 269 288; x_wconf 71' lang='lat' dir='ltr'>HL]</span> <span class='ocrx_word' id='word_1_2' title='bbox 628 245 935 277; x_wconf 74' lang='lat' dir='ltr'><strong>(¹OMPEND1UM</strong></span> <span class='ocrx_word' id='word_1_3' title='bbox 966 246 1131 278; x_wconf 77' lang='lat' dir='ltr'><strong>STUDII.</strong></span> <span class='ocrx_word' id='word_1_4' title='bbox 1494 238 1580 285; x_wconf 66' lang='lat'>417</span> 
     </span>
    </p>
   </div>
   <div class='ocr_carea' id='block_1_2' title="bbox 169 361 1580 2666">
    <p class='ocr_par' dir='ltr' id='par_1_2' title="bbox 169 361 1580 2666">
     <span class='ocr_line' id='line_1_2' title="bbox 178 361 1576 419; baseline 0.003 -18"><span class='ocrx_word' id='word_1_5' title='bbox 178 362 300 401; x_wconf 87' lang='lat' dir='ltr'>entes</span> <span class='ocrx_word' id='word_1_6' title='bbox 331 361 552 403; x_wconf 74' lang='lat' dir='ltr'><strong>revolvere</strong></span> <span class='ocrx_word' id='word_1_7' title='bbox 585 376 681 403; x_wconf 88' lang='lat' dir='ltr'>cum</span> <span class='ocrx_word' id='word_1_8' title='bbox 713 363 930 403; x_wconf 85' lang='lat' dir='ltr'>succincta</span> <span class='ocrx_word' id='word_1_9' title='bbox 962 362 1252 405; x_wconf 70' lang='lat' dir='ltr'>declaratione</span> <span class='ocrx_word' id='word_1_10' title='bbox 1295 363 1576 419; x_wconf 78' lang='lat' dir='ltr'>singulorum,</span> 
     </span>
     <span class='ocr_line' id='line_1_3' title="bbox 177 429 1580 486; baseline 0.003 -17"><span class='ocrx_word' id='word_1_11' title='bbox 177 443 308 483; x_wconf 85' lang='lat' dir='ltr'>quam</span> <span class='ocrx_word' id='word_1_12' title='bbox 359 444 495 470; x_wconf 90' lang='lat' dir='ltr'>unum</span> <span class='ocrx_word' id='word_1_13' title='bbox 547 430 617 471; x_wconf 88' lang='lat' dir='ltr'>vel</span> <span class='ocrx_word' id='word_1_14' title='bbox 663 430 799 471; x_wconf 88' lang='lat' dir='ltr'>alium</span> <span class='ocrx_word' id='word_1_15' title='bbox 850 429 988 471; x_wconf 89' lang='lat' dir='ltr'>multo</span> <span class='ocrx_word' id='word_1_16' title='bbox 1040 445 1234 472; x_wconf 85' lang='lat' dir='ltr'>sermone</span> <span class='ocrx_word' id='word_1_17' title='bbox 1286 433 1487 486; x_wconf 83' lang='lat' dir='ltr'>prosequi</span> <span class='ocrx_word' id='word_1_18' title='bbox 1530 439 1580 473; x_wconf 86' lang='lat' dir='ltr'>ut</span> 
     </span>
     <span class='ocr_line' id='line_1_4' title="bbox 176 497 1579 555; baseline 0.002 -18"><span class='ocrx_word' id='word_1_19' title='bbox 176 497 251 537; x_wconf 83' lang='lat' dir='ltr'>alii</span> <span class='ocrx_word' id='word_1_20' title='bbox 283 497 592 552; x_wconf 67' lang='lat' dir='ltr'>relinquantur.</span> <span class='ocrx_word' id='word_1_21' title='bbox 677 498 761 538; x_wconf 85' lang='lat' dir='ltr'>His</span> <span class='ocrx_word' id='word_1_22' title='bbox 803 512 906 538; x_wconf 87' lang='lat' dir='ltr'>vero</span> <span class='ocrx_word' id='word_1_23' title='bbox 948 498 1086 539; x_wconf 84' lang='lat' dir='ltr'>causis</span> <span class='ocrx_word' id='word_1_24' title='bbox 1118 499 1273 540; x_wconf 83' lang='lat' dir='ltr'>erroris</span> <span class='ocrx_word' id='word_1_25' title='bbox 1314 502 1358 540; x_wconf 78' lang='lat' dir='ltr'>et</span> <span class='ocrx_word' id='word_1_26' title='bbox 1399 500 1579 555; x_wconf 83' lang='lat' dir='ltr'>impedi-</span> 
     </span>
     <span class='ocr_line' id='line_1_5' title="bbox 177 565 1579 622; baseline 0.003 -17"><span class='ocrx_word' id='word_1_27' title='bbox 177 566 336 606; x_wconf 86' lang='lat' dir='ltr'>mentis</span> <span class='ocrx_word' id='word_1_28' title='bbox 368 565 595 620; x_wconf 72' lang='lat' dir='ltr'>sapientiae</span> <span class='ocrx_word' id='word_1_29' title='bbox 625 580 741 607; x_wconf 89' lang='lat' dir='ltr'>nunc</span> <span class='ocrx_word' id='word_1_30' title='bbox 772 565 902 607; x_wconf 81' lang='lat' dir='ltr'>tactis</span> <span class='ocrx_word' id='word_1_31' title='bbox 943 569 987 607; x_wconf 88' lang='lat' dir='ltr'>et</span> <span class='ocrx_word' id='word_1_32' title='bbox 1028 566 1257 622; x_wconf 69' lang='lat' dir='ltr'>1:›rioribus‚</span> <span class='ocrx_word' id='word_1_33' title='bbox 1290 581 1315 608; x_wconf 92' lang='lat' dir='ltr'>a</span> <span class='ocrx_word' id='word_1_34' title='bbox 1340 567 1579 622; x_wconf 82' lang='lat' dir='ltr'>juventute</span> 
     </span>
     <span class='ocr_line' id='line_1_6' title="bbox 178 633 1578 691; baseline 0.003 -18"><span class='ocrx_word' id='word_1_35' title='bbox 178 633 420 674; x_wconf 84' lang='lat' dir='ltr'>confirmati</span> <span class='ocrx_word' id='word_1_36' title='bbox 472 633 667 675; x_wconf 85' lang='lat' dir='ltr'>homines</span> <span class='ocrx_word' id='word_1_37' title='bbox 703 648 792 675; x_wconf 88' lang='lat' dir='ltr'>non</span> <span class='ocrx_word' id='word_1_38' title='bbox 843 637 1027 689; x_wconf 86' lang='lat' dir='ltr'>possunt</span> <span class='ocrx_word' id='word_1_39' title='bbox 1068 634 1217 676; x_wconf 88' lang='lat' dir='ltr'>videre</span> <span class='ocrx_word' id='word_1_40' title='bbox 1261 636 1481 691; x_wconf 75' lang='lat' dir='ltr'>magnalia</span> <span class='ocrx_word' id='word_1_41' title='bbox 1513 651 1578 677; x_wconf 80' lang='lat' dir='ltr'>sa-</span> 
     </span>
     <span class='ocr_line' id='line_1_7' title="bbox 176 700 1578 758; baseline 0.003 -17"><span class='ocrx_word' id='word_1_42' title='bbox 176 700 353 756; x_wconf 68' lang='lat' dir='ltr'>pientiae</span> <span class='ocrx_word' id='word_1_43' title='bbox 375 715 453 742; x_wconf 87' lang='lat' dir='ltr'>nec</span> <span class='ocrx_word' id='word_1_44' title='bbox 475 704 641 751; x_wconf 80' lang='lat' dir='ltr'>curant,</span> <span class='ocrx_word' id='word_1_45' title='bbox 665 701 741 743; x_wconf 88' lang='lat' dir='ltr'>sed</span> <span class='ocrx_word' id='word_1_46' title='bbox 773 704 1060 743; x_wconf 87' lang='lat' dir='ltr'>contemnunt</span> <span class='ocrx_word' id='word_1_47' title='bbox 1082 706 1126 743; x_wconf 89' lang='lat' dir='ltr'>et</span> <span class='ocrx_word' id='word_1_48' title='bbox 1147 703 1392 758; x_wconf 80' lang='lat' dir='ltr'>reprobant.</span> <span class='ocrx_word' id='word_1_49' title='bbox 1447 704 1578 746; x_wconf 79' lang='lat' dir='ltr'>Unde</span> 
     </span>
     <span class='ocr_line' id='line_1_8' title="bbox 177 769 1580 827; baseline -0.001 -17"><span class='ocrx_word' id='word_1_50' title='bbox 177 783 231 809; x_wconf 79' lang='lat' dir='ltr'>ex</span> <span class='ocrx_word' id='word_1_51' title='bbox 283 770 483 810; x_wconf 84' lang='lat' dir='ltr'>omnibus</span> <span class='ocrx_word' id='word_1_52' title='bbox 526 769 748 825; x_wconf 78' lang='lat' dir='ltr'>praedietis</span> <span class='ocrx_word' id='word_1_53' title='bbox 788 773 1021 825; x_wconf 78' lang='lat' dir='ltr'>generatur</span> <span class='ocrx_word' id='word_1_54' title='bbox 1062 771 1288 825; x_wconf 83' lang='lat' dir='ltr'>potissima</span> <span class='ocrx_word' id='word_1_55' title='bbox 1321 775 1365 812; x_wconf 90' lang='lat' dir='ltr'>et</span> <span class='ocrx_word' id='word_1_56' title='bbox 1397 773 1580 827; x_wconf 66' lang='lat' dir='ltr'>comple-</span> 
     </span>
     <span class='ocr_line' id='line_1_9' title="bbox 176 837 1580 895; baseline 0.002 -18"><span class='ocrx_word' id='word_1_57' title='bbox 176 837 344 879; x_wconf 83' lang='lat' dir='ltr'>tissima</span> <span class='ocrx_word' id='word_1_58' title='bbox 375 852 503 879; x_wconf 83' lang='lat' dir='ltr'>causa</span> <span class='ocrx_word' id='word_1_59' title='bbox 535 838 689 879; x_wconf 83' lang='lat' dir='ltr'>erroris</span> <span class='ocrx_word' id='word_1_60' title='bbox 721 838 768 878; x_wconf 91' lang='lat' dir='ltr'>in</span> <span class='ocrx_word' id='word_1_61' title='bbox 800 838 1001 879; x_wconf 85' lang='lat' dir='ltr'>omnibus</span> <span class='ocrx_word' id='word_1_62' title='bbox 1032 839 1117 879; x_wconf 87' lang='lat' dir='ltr'>nisi</span> <span class='ocrx_word' id='word_1_63' title='bbox 1149 838 1195 879; x_wconf 89' lang='lat' dir='ltr'>in</span> <span class='ocrx_word' id='word_1_64' title='bbox 1228 840 1378 895; x_wconf 85' lang='lat' dir='ltr'>paucis</span> <span class='ocrx_word' id='word_1_65' title='bbox 1410 840 1580 895; x_wconf 80' lang='lat' dir='ltr'>sapien-</span> 
     </span>
     <span class='ocr_line' id='line_1_10' title="bbox 176 907 1579 966; baseline 0.004 -19"><span class='ocrx_word' id='word_1_66' title='bbox 176 907 366 949; x_wconf 77' lang='lat' dir='ltr'>tissimis.</span> <span class='ocrx_word' id='word_1_67' title='bbox 449 907 566 949; x_wconf 90' lang='lat' dir='ltr'>Nam</span> <span class='ocrx_word' id='word_1_68' title='bbox 608 909 711 963; x_wconf 82' lang='lat' dir='ltr'>quia</span> <span class='ocrx_word' id='word_1_69' title='bbox 757 908 1006 964; x_wconf 69' lang='lat' dir='ltr'>ignorantia</span> <span class='ocrx_word' id='word_1_70' title='bbox 1047 910 1188 965; x_wconf 86' lang='lat' dir='ltr'>turpis</span> <span class='ocrx_word' id='word_1_71' title='bbox 1230 913 1307 961; x_wconf 83' lang='lat' dir='ltr'>est,</span> <span class='ocrx_word' id='word_1_72' title='bbox 1342 914 1386 952; x_wconf 87' lang='lat' dir='ltr'>et</span> <span class='ocrx_word' id='word_1_73' title='bbox 1432 925 1579 966; x_wconf 83' lang='lat' dir='ltr'>sapere</span> 
     </span>
     <span class='ocr_line' id='line_1_11' title="bbox 175 976 1577 1034; baseline 0.002 -18"><span class='ocrx_word' id='word_1_74' title='bbox 175 976 415 1031; x_wconf 84' lang='lat' dir='ltr'>pulchrum,</span> <span class='ocrx_word' id='word_1_75' title='bbox 454 976 650 1018; x_wconf 87' lang='lat' dir='ltr'>homines</span> <span class='ocrx_word' id='word_1_76' title='bbox 692 977 927 1032; x_wconf 88' lang='lat' dir='ltr'>reprobant</span> <span class='ocrx_word' id='word_1_77' title='bbox 970 977 1116 1018; x_wconf 83' lang='lat' dir='ltr'>omnia</span> <span class='ocrx_word' id='word_1_78' title='bbox 1148 992 1245 1033; x_wconf 65' lang='lat' dir='ltr'>quae</span> <span class='ocrx_word' id='word_1_79' title='bbox 1277 978 1484 1034; x_wconf 76' lang='lat' dir='ltr'>ignorant</span> <span class='ocrx_word' id='word_1_80' title='bbox 1531 980 1577 1020; x_wconf 78' lang='lat' dir='ltr'>in</span> 
     </span>
     <span class='ocr_line' id='line_1_12' title="bbox 175 1044 1578 1102; baseline 0.002 -17"><span class='ocrx_word' id='word_1_81' title='bbox 175 1044 378 1086; x_wconf 79' lang='lat' dir='ltr'>solatium</span> <span class='ocrx_word' id='word_1_82' title='bbox 420 1059 509 1086; x_wconf 76' lang='lat' dir='ltr'>suae</span> <span class='ocrx_word' id='word_1_83' title='bbox 541 1045 781 1100; x_wconf 82' lang='lat' dir='ltr'>imperitiae,</span> <span class='ocrx_word' id='word_1_84' title='bbox 816 1060 869 1087; x_wconf 88' lang='lat' dir='ltr'>ne</span> <span class='ocrx_word' id='word_1_85' title='bbox 901 1045 1138 1087; x_wconf 82' lang='lat' dir='ltr'>videantur</span> <span class='ocrx_word' id='word_1_86' title='bbox 1183 1046 1348 1101; x_wconf 83' lang='lat' dir='ltr'>aliquid</span> <span class='ocrx_word' id='word_1_87' title='bbox 1397 1047 1578 1102; x_wconf 80' lang='lat' dir='ltr'>dignum</span> 
     </span>
     <span class='ocr_line' id='line_1_13' title="bbox 172 1111 1569 1170; baseline 0.003 -18"><span class='ocrx_word' id='word_1_88' title='bbox 172 1111 380 1167; x_wconf 81' lang='lat' dir='ltr'>ignorare,</span> <span class='ocrx_word' id='word_1_89' title='bbox 415 1116 458 1154; x_wconf 88' lang='lat' dir='ltr'>et</span> <span class='ocrx_word' id='word_1_90' title='bbox 502 1113 611 1154; x_wconf 90' lang='lat' dir='ltr'>illud</span> <span class='ocrx_word' id='word_1_91' title='bbox 642 1113 753 1154; x_wconf 87' lang='lat' dir='ltr'>nihil</span> <span class='ocrx_word' id='word_1_92' title='bbox 800 1114 916 1168; x_wconf 85' lang='lat' dir='ltr'>quod</span> <span class='ocrx_word' id='word_1_93' title='bbox 963 1114 1106 1155; x_wconf 74' lang='lat' dir='ltr'>sciunt</span> <span class='ocrx_word' id='word_1_94' title='bbox 1153 1129 1226 1155; x_wconf 85' lang='lat' dir='ltr'>seu</span> <span class='ocrx_word' id='word_1_95' title='bbox 1275 1115 1389 1169; x_wconf 86' lang='lat' dir='ltr'>quod</span> <span class='ocrx_word' id='word_1_96' title='bbox 1432 1116 1569 1170; x_wconf 80' lang='lat' dir='ltr'>magis</span> 
     </span>
     <span class='ocr_line' id='line_1_14' title="bbox 174 1181 1578 1237; baseline 0.001 -15"><span class='ocrx_word' id='word_1_97' title='bbox 174 1181 396 1222; x_wconf 72' lang='lat' dir='ltr'>{estimant</span> <span class='ocrx_word' id='word_1_98' title='bbox 440 1181 544 1222; x_wconf 88' lang='lat' dir='ltr'>scire</span> <span class='ocrx_word' id='word_1_99' title='bbox 590 1182 840 1231; x_wconf 85' lang='lat' dir='ltr'>ostendunt,</span> <span class='ocrx_word' id='word_1_100' title='bbox 874 1182 1170 1237; x_wconf 78' lang='lat' dir='ltr'>magnificant,</span> <span class='ocrx_word' id='word_1_101' title='bbox 1203 1183 1422 1224; x_wconf 79' lang='lat' dir='ltr'>extollunt</span> <span class='ocrx_word' id='word_1_102' title='bbox 1440 1200 1448 1235; x_wconf 88' lang='lat'>;</span> <span class='ocrx_word' id='word_1_103' title='bbox 1491 1198 1578 1225; x_wconf 86' lang='lat' dir='ltr'>non</span> 
     </span>
     <span class='ocr_line' id='line_1_15' title="bbox 175 1249 1576 1307; baseline 0.002 -18"><span class='ocrx_word' id='word_1_104' title='bbox 175 1252 373 1290; x_wconf 78' lang='lat' dir='ltr'>curantes</span> <span class='ocrx_word' id='word_1_105' title='bbox 426 1249 532 1304; x_wconf 88' lang='lat' dir='ltr'>quid</span> <span class='ocrx_word' id='word_1_106' title='bbox 584 1250 728 1291; x_wconf 85' lang='lat' dir='ltr'>sciunt</span> <span class='ocrx_word' id='word_1_107' title='bbox 778 1250 849 1291; x_wconf 87' lang='lat' dir='ltr'>vel</span> <span class='ocrx_word' id='word_1_108' title='bbox 901 1250 1118 1306; x_wconf 74' lang='lat' dir='ltr'>ignorant,</span> <span class='ocrx_word' id='word_1_109' title='bbox 1173 1250 1248 1292; x_wconf 85' lang='lat' dir='ltr'>sed</span> <span class='ocrx_word' id='word_1_110' title='bbox 1289 1251 1427 1292; x_wconf 85' lang='lat' dir='ltr'>solum</span> <span class='ocrx_word' id='word_1_111' title='bbox 1460 1253 1576 1307; x_wconf 88' lang='lat' dir='ltr'>quod</span> 
     </span>
     <span class='ocr_line' id='line_1_16' title="bbox 174 1316 1577 1361; baseline 0.003 -4"><span class='ocrx_word' id='word_1_112' title='bbox 174 1316 408 1358; x_wconf 80' lang='lat' dir='ltr'>videantur</span> <span class='ocrx_word' id='word_1_113' title='bbox 444 1331 589 1358; x_wconf 88' lang='lat' dir='ltr'>coram</span> <span class='ocrx_word' id='word_1_114' title='bbox 636 1318 773 1359; x_wconf 84' lang='lat' dir='ltr'>stulta</span> <span class='ocrx_word' id='word_1_115' title='bbox 804 1318 1088 1359; x_wconf 84' lang='lat' dir='ltr'>multitudine</span> <span class='ocrx_word' id='word_1_116' title='bbox 1131 1319 1235 1360; x_wconf 86' lang='lat' dir='ltr'>scire</span> <span class='ocrx_word' id='word_1_117' title='bbox 1268 1323 1311 1360; x_wconf 89' lang='lat' dir='ltr'>et</span> <span class='ocrx_word' id='word_1_118' title='bbox 1343 1334 1396 1360; x_wconf 88' lang='lat' dir='ltr'>ne</span> <span class='ocrx_word' id='word_1_119' title='bbox 1430 1334 1577 1361; x_wconf 81' lang='lat' dir='ltr'>eorum</span> 
     </span>
     <span class='ocr_line' id='line_1_17' title="bbox 175 1384 1577 1444; baseline 0.002 -18"><span class='ocrx_word' id='word_1_120' title='bbox 175 1384 422 1440; x_wconf 68' lang='lat' dir='ltr'>ignorantia</span> <span class='ocrx_word' id='word_1_121' title='bbox 453 1385 713 1427; x_wconf 86' lang='lat' dir='ltr'>dinoscatur.</span> <span class='ocrx_word' id='word_1_122' title='bbox 768 1385 853 1428; x_wconf 81' lang='lat' dir='ltr'>Sed</span> <span class='ocrx_word' id='word_1_123' title='bbox 886 1387 987 1441; x_wconf 84' lang='lat' dir='ltr'>quia</span> <span class='ocrx_word' id='word_1_124' title='bbox 1013 1386 1153 1442; x_wconf 75' lang='lat' dir='ltr'>judex</span> <span class='ocrx_word' id='word_1_125' title='bbox 1185 1401 1273 1427; x_wconf 90' lang='lat' dir='ltr'>non</span> <span class='ocrx_word' id='word_1_126' title='bbox 1304 1390 1448 1442; x_wconf 82' lang='lat' dir='ltr'>potest</span> <span class='ocrx_word' id='word_1_127' title='bbox 1480 1402 1577 1444; x_wconf 73' lang='lat' dir='ltr'>cog-</span> 
     </span>
     <span class='ocr_line' id='line_1_18' title="bbox 174 1454 1576 1510; baseline 0.002 -16"><span class='ocrx_word' id='word_1_128' title='bbox 174 1467 347 1495; x_wconf 83' lang='lat' dir='ltr'>noscere</span> <span class='ocrx_word' id='word_1_129' title='bbox 380 1454 432 1495; x_wconf 91' lang='lat' dir='ltr'>de</span> <span class='ocrx_word' id='word_1_130' title='bbox 464 1468 591 1495; x_wconf 83' lang='lat' dir='ltr'>eausa</span> <span class='ocrx_word' id='word_1_131' title='bbox 636 1468 766 1508; x_wconf 84' lang='lat' dir='ltr'>quam</span> <span class='ocrx_word' id='word_1_132' title='bbox 810 1455 997 1510; x_wconf 78' lang='lat' dir='ltr'>ignorat,</span> <span class='ocrx_word' id='word_1_133' title='bbox 1043 1469 1121 1496; x_wconf 89' lang='lat' dir='ltr'>nec</span> <span class='ocrx_word' id='word_1_134' title='bbox 1154 1455 1403 1510; x_wconf 77' lang='lat' dir='ltr'>ignorantia</span> <span class='ocrx_word' id='word_1_135' title='bbox 1446 1456 1576 1497; x_wconf 89' lang='lat' dir='ltr'>debet</span> 
     </span>
     <span class='ocr_line' id='line_1_19' title="bbox 175 1520 1575 1577; baseline 0.003 -16"><span class='ocrx_word' id='word_1_136' title='bbox 175 1520 336 1564; x_wconf 83' lang='lat' dir='ltr'>habere</span> <span class='ocrx_word' id='word_1_137' title='bbox 380 1521 523 1563; x_wconf 84' lang='lat' dir='ltr'>locum</span> <span class='ocrx_word' id='word_1_138' title='bbox 558 1521 811 1577; x_wconf 85' lang='lat' dir='ltr'>judicandi3</span> <span class='ocrx_word' id='word_1_139' title='bbox 860 1522 955 1563; x_wconf 86' lang='lat' dir='ltr'>ideo</span> <span class='ocrx_word' id='word_1_140' title='bbox 1000 1522 1070 1564; x_wconf 88' lang='lat' dir='ltr'>hic</span> <span class='ocrx_word' id='word_1_141' title='bbox 1111 1537 1230 1564; x_wconf 83' lang='lat' dir='ltr'>error</span> <span class='ocrx_word' id='word_1_142' title='bbox 1273 1537 1467 1565; x_wconf 84' lang='lat' dir='ltr'>summus</span> <span class='ocrx_word' id='word_1_143' title='bbox 1500 1527 1575 1573; x_wconf 85' lang='lat' dir='ltr'>est,</span> 
     </span>
     <span class='ocr_line' id='line_1_20' title="bbox 175 1589 1578 1646; baseline 0.002 -16"><span class='ocrx_word' id='word_1_144' title='bbox 175 1603 260 1644; x_wconf 87' lang='lat' dir='ltr'>quo</span> <span class='ocrx_word' id='word_1_145' title='bbox 293 1589 478 1644; x_wconf 87' lang='lat' dir='ltr'>quilibet</span> <span class='ocrx_word' id='word_1_146' title='bbox 509 1604 564 1630; x_wconf 80' lang='lat' dir='ltr'>ex</span> <span class='ocrx_word' id='word_1_147' title='bbox 606 1589 685 1631; x_wconf 87' lang='lat' dir='ltr'>hoe</span> <span class='ocrx_word' id='word_1_148' title='bbox 727 1593 902 1645; x_wconf 86' lang='lat' dir='ltr'>reputat</span> <span class='ocrx_word' id='word_1_149' title='bbox 944 1604 987 1631; x_wconf 90' lang='lat' dir='ltr'>se</span> <span class='ocrx_word' id='word_1_150' title='bbox 1019 1605 1142 1646; x_wconf 80' lang='lat' dir='ltr'>posse</span> <span class='ocrx_word' id='word_1_151' title='bbox 1184 1591 1413 1646; x_wconf 80' lang='lat' dir='ltr'>reprobare</span> <span class='ocrx_word' id='word_1_152' title='bbox 1445 1592 1578 1646; x_wconf 83' lang='lat' dir='ltr'>quod-</span> 
     </span>
     <span class='ocr_line' id='line_1_21' title="bbox 172 1657 1576 1714; baseline 0.002 -17"><span class='ocrx_word' id='word_1_153' title='bbox 172 1671 350 1712; x_wconf 84' lang='lat' dir='ltr'>eunque,</span> <span class='ocrx_word' id='word_1_154' title='bbox 395 1658 497 1712; x_wconf 81' lang='lat' dir='ltr'>quia</span> <span class='ocrx_word' id='word_1_155' title='bbox 546 1657 655 1699; x_wconf 84' lang='lat' dir='ltr'>illud</span> <span class='ocrx_word' id='word_1_156' title='bbox 706 1658 891 1714; x_wconf 76' lang='lat' dir='ltr'>ignorat.</span> <span class='ocrx_word' id='word_1_157' title='bbox 956 1658 1001 1699; x_wconf 91' lang='lat' dir='ltr'>N</span> <span class='ocrx_word' id='word_1_158' title='bbox 1004 1673 1049 1700; x_wconf 89' lang='lat' dir='ltr'>ec</span> <span class='ocrx_word' id='word_1_159' title='bbox 1100 1659 1449 1701; x_wconf 68' lang='lat' dir='ltr'>verecundantur</span> <span class='ocrx_word' id='word_1_160' title='bbox 1502 1660 1576 1701; x_wconf 88' lang='lat' dir='ltr'>ho-</span> 
     </span>
     <span class='ocr_line' id='line_1_22' title="bbox 171 1725 1575 1783; baseline 0.003 -17"><span class='ocrx_word' id='word_1_161' title='bbox 171 1726 309 1766; x_wconf 83' lang='lat' dir='ltr'>mines</span> <span class='ocrx_word' id='word_1_162' title='bbox 337 1725 537 1767; x_wconf 80' lang='lat' dir='ltr'>diabolici</span> <span class='ocrx_word' id='word_1_163' title='bbox 569 1739 712 1767; x_wconf 75' lang='lat' dir='ltr'>corani</span> <span class='ocrx_word' id='word_1_164' title='bbox 743 1725 946 1781; x_wconf 71' lang='lat' dir='ltr'>praelatis,</span> <span class='ocrx_word' id='word_1_165' title='bbox 982 1729 1025 1768; x_wconf 88' lang='lat' dir='ltr'>et</span> <span class='ocrx_word' id='word_1_166' title='bbox 1057 1727 1333 1783; x_wconf 86' lang='lat' dir='ltr'>principibus,</span> <span class='ocrx_word' id='word_1_167' title='bbox 1363 1731 1408 1769; x_wconf 88' lang='lat' dir='ltr'>et</span> <span class='ocrx_word' id='word_1_168' title='bbox 1440 1728 1575 1783; x_wconf 81' lang='lat' dir='ltr'>plebe,</span> 
     </span>
     <span class='ocr_line' id='line_1_23' title="bbox 172 1794 1576 1851; baseline 0.001 -17"><span class='ocrx_word' id='word_1_169' title='bbox 172 1794 376 1835; x_wconf 86' lang='lat' dir='ltr'>damnare</span> <span class='ocrx_word' id='word_1_170' title='bbox 417 1808 542 1835; x_wconf 89' lang='lat' dir='ltr'>omne</span> <span class='ocrx_word' id='word_1_171' title='bbox 573 1809 708 1850; x_wconf 81' lang='lat' dir='ltr'>genus</span> <span class='ocrx_word' id='word_1_172' title='bbox 746 1794 970 1849; x_wconf 61' lang='lat' dir='ltr'>sapientire</span> <span class='ocrx_word' id='word_1_173' title='bbox 1021 1795 1081 1836; x_wconf 88' lang='lat' dir='ltr'>eis</span> <span class='ocrx_word' id='word_1_174' title='bbox 1125 1794 1397 1851; x_wconf 80' lang='lat' dir='ltr'>incognitum</span> <span class='ocrx_word' id='word_1_175' title='bbox 1434 1799 1479 1836; x_wconf 87' lang='lat' dir='ltr'>et</span> <span class='ocrx_word' id='word_1_176' title='bbox 1510 1797 1576 1837; x_wconf 90' lang='lat' dir='ltr'>in-</span> 
     </span>
     <span class='ocr_line' id='line_1_24' title="bbox 170 1861 1574 1917; baseline 0.002 -15"><span class='ocrx_word' id='word_1_177' title='bbox 170 1861 345 1912; x_wconf 80' lang='lat' dir='ltr'>visum3</span> <span class='ocrx_word' id='word_1_178' title='bbox 378 1862 534 1916; x_wconf 88' lang='lat' dir='ltr'>quibus</span> <span class='ocrx_word' id='word_1_179' title='bbox 579 1862 729 1903; x_wconf 84' lang='lat' dir='ltr'>obviat</span> <span class='ocrx_word' id='word_1_180' title='bbox 763 1862 926 1903; x_wconf 78' lang='lat' dir='ltr'>Seneca</span> <span class='ocrx_word' id='word_1_181' title='bbox 978 1863 1025 1903; x_wconf 91' lang='lat' dir='ltr'>in</span> <span class='ocrx_word' id='word_1_182' title='bbox 1077 1862 1189 1904; x_wconf 85' lang='lat' dir='ltr'>libro</span> <span class='ocrx_word' id='word_1_183' title='bbox 1233 1866 1388 1917; x_wconf 86' lang='lat' dir='ltr'>quarto</span> <span class='ocrx_word' id='word_1_184' title='bbox 1422 1863 1574 1905; x_wconf 84' lang='lat' dir='ltr'>Virtu-</span> 
     </span>
     <span class='ocr_line' id='line_1_25' title="bbox 171 1929 1571 1981; baseline 0.002 -11"><span class='ocrx_word' id='word_1_185' title='bbox 171 1932 280 1981; x_wconf 88' lang='lat' dir='ltr'>tum,</span> <span class='ocrx_word' id='word_1_186' title='bbox 315 1929 490 1971; x_wconf 83' lang='lat' dir='ltr'>dicens:</span> <span class='ocrx_word' id='word_1_187' title='bbox 527 1929 675 1971; x_wconf 84' lang='lat' dir='ltr'>“Non</span> <span class='ocrx_word' id='word_1_188' title='bbox 717 1930 851 1972; x_wconf 85' lang='lat' dir='ltr'>habet</span> <span class='ocrx_word' id='word_1_189' title='bbox 883 1931 1190 1972; x_wconf 81' lang='lat' dir='ltr'>auctoritatem</span> <span class='ocrx_word' id='word_1_190' title='bbox 1232 1931 1307 1972; x_wconf 83' lang='lat' dir='ltr'>illa</span> <span class='ocrx_word' id='word_1_191' title='bbox 1350 1933 1571 1973; x_wconf 82' lang='lat' dir='ltr'>sententia</span> 
     </span>
     <span class='ocr_line' id='line_1_26' title="bbox 177 1997 1572 2054; baseline 0.002 -16"><span class='ocrx_word' id='word_1_192' title='bbox 177 2003 198 2020; x_wconf 82' lang='lat'><strong>“</strong></span> <span class='ocrx_word' id='word_1_193' title='bbox 230 1997 307 2038; x_wconf 88' lang='lat' dir='ltr'>ubi</span> <span class='ocrx_word' id='word_1_194' title='bbox 339 1998 413 2052; x_wconf 90' lang='lat' dir='ltr'>qui</span> <span class='ocrx_word' id='word_1_195' title='bbox 446 1998 719 2039; x_wconf 83' lang='lat' dir='ltr'>damnandus</span> <span class='ocrx_word' id='word_1_196' title='bbox 761 2001 827 2039; x_wconf 87' lang='lat' dir='ltr'>est</span> <span class='ocrx_word' id='word_1_197' title='bbox 868 1997 1088 2040; x_wconf 78' lang='lat' dir='ltr'>dainnat.”</span> <span class='ocrx_word' id='word_1_198' title='bbox 1167 1998 1231 2039; x_wconf 82' lang='lat' dir='ltr'>Hi</span> <span class='ocrx_word' id='word_1_199' title='bbox 1262 1999 1401 2054; x_wconf 83' lang='lat' dir='ltr'>igitur</span> <span class='ocrx_word' id='word_1_200' title='bbox 1432 2014 1572 2041; x_wconf 87' lang='lat' dir='ltr'>errore</span> 
     </span>
     <span class='ocr_line' id='line_1_27' title="bbox 171 2065 1572 2121; baseline 0.001 -15"><span class='ocrx_word' id='word_1_201' title='bbox 171 2069 215 2106; x_wconf 84' lang='lat' dir='ltr'>et</span> <span class='ocrx_word' id='word_1_202' title='bbox 255 2065 515 2121; x_wconf 48' lang='lat' dir='ltr'>ignorantiae</span> <span class='ocrx_word' id='word_1_203' title='bbox 558 2065 748 2107; x_wconf 88' lang='lat' dir='ltr'>tenebris</span> <span class='ocrx_word' id='word_1_204' title='bbox 795 2065 919 2107; x_wconf 80' lang='lat' dir='ltr'>velut</span> <span class='ocrx_word' id='word_1_205' title='bbox 966 2066 1152 2120; x_wconf 79' lang='lat' dir='ltr'>quodam</span> <span class='ocrx_word' id='word_1_206' title='bbox 1210 2080 1375 2108; x_wconf 84' lang='lat' dir='ltr'>carcere</span> <span class='ocrx_word' id='word_1_207' title='bbox 1433 2067 1572 2108; x_wconf 89' lang='lat' dir='ltr'>deter-</span> 
     </span>
     <span class='ocr_line' id='line_1_28' title="bbox 171 2133 1573 2189; baseline 0.001 -15"><span class='ocrx_word' id='word_1_208' title='bbox 171 2133 280 2174; x_wconf 86' lang='lat' dir='ltr'>rimo</span> <span class='ocrx_word' id='word_1_209' title='bbox 336 2133 546 2183; x_wconf 81' lang='lat' dir='ltr'>damnati,</span> <span class='ocrx_word' id='word_1_210' title='bbox 601 2147 689 2175; x_wconf 87' lang='lat' dir='ltr'>non</span> <span class='ocrx_word' id='word_1_211' title='bbox 730 2133 895 2175; x_wconf 82' lang='lat' dir='ltr'>habent</span> <span class='ocrx_word' id='word_1_212' title='bbox 956 2134 1008 2175; x_wconf 87' lang='lat' dir='ltr'>de</span> <span class='ocrx_word' id='word_1_213' title='bbox 1044 2134 1143 2189; x_wconf 86' lang='lat' dir='ltr'>jure</span> <span class='ocrx_word' id='word_1_214' title='bbox 1204 2135 1320 2176; x_wconf 89' lang='lat' dir='ltr'>unde</span> <span class='ocrx_word' id='word_1_215' title='bbox 1363 2135 1573 2177; x_wconf 85' lang='lat' dir='ltr'>damnent</span> 
     </span>
     <span class='ocr_line' id='line_1_29' title="bbox 173 2201 1573 2258; baseline 0.001 -15"><span class='ocrx_word' id='word_1_216' title='bbox 173 2201 399 2257; x_wconf 68' lang='lat' dir='ltr'>sapientiae</span> <span class='ocrx_word' id='word_1_217' title='bbox 444 2202 598 2253; x_wconf 82' lang='lat' dir='ltr'>lucem,</span> <span class='ocrx_word' id='word_1_218' title='bbox 641 2204 840 2258; x_wconf 82' lang='lat' dir='ltr'>respectu</span> <span class='ocrx_word' id='word_1_219' title='bbox 882 2201 1003 2257; x_wconf 84' lang='lat' dir='ltr'>cujus</span> <span class='ocrx_word' id='word_1_220' title='bbox 1041 2205 1143 2243; x_wconf 89' lang='lat' dir='ltr'>sunt</span> <span class='ocrx_word' id='word_1_221' title='bbox 1185 2202 1317 2258; x_wconf 78' lang='lat' dir='ltr'>talpae</span> <span class='ocrx_word' id='word_1_222' title='bbox 1366 2217 1486 2245; x_wconf 79' lang='lat' dir='ltr'>caecae</span> <span class='ocrx_word' id='word_1_223' title='bbox 1529 2207 1573 2245; x_wconf 85' lang='lat' dir='ltr'>et</span> 
     </span>
     <span class='ocr_line' id='line_1_30' title="bbox 170 2269 1570 2326; baseline 0.002 -16"><span class='ocrx_word' id='word_1_224' title='bbox 170 2269 499 2325; x_wconf 82' lang='lat' dir='ltr'>vespertiliones</span> <span class='ocrx_word' id='word_1_225' title='bbox 531 2270 672 2325; x_wconf 66' lang='lat' dir='ltr'>lippze,</span> <span class='ocrx_word' id='word_1_226' title='bbox 707 2284 804 2326; x_wconf 79' lang='lat' dir='ltr'>quae</span> <span class='ocrx_word' id='word_1_227' title='bbox 835 2270 1047 2325; x_wconf 81' lang='lat' dir='ltr'>fulgorem</span> <span class='ocrx_word' id='word_1_228' title='bbox 1089 2270 1317 2325; x_wconf 62' lang='lat' dir='ltr'>sapientia}</span> <span class='ocrx_word' id='word_1_229' title='bbox 1349 2285 1436 2311; x_wconf 90' lang='lat' dir='ltr'>non</span> <span class='ocrx_word' id='word_1_230' title='bbox 1480 2286 1570 2313; x_wconf 83' lang='lat' dir='ltr'>sus-</span> 
     </span>
     <span class='ocr_line' id='line_1_31' title="bbox 169 2338 1571 2394; baseline 0.002 -16"><span class='ocrx_word' id='word_1_231' title='bbox 169 2338 327 2389; x_wconf 83' lang='lat' dir='ltr'>tinent,</span> <span class='ocrx_word' id='word_1_232' title='bbox 381 2341 426 2379; x_wconf 87' lang='lat' dir='ltr'>et</span> <span class='ocrx_word' id='word_1_233' title='bbox 475 2338 691 2379; x_wconf 86' lang='lat' dir='ltr'>immundi</span> <span class='ocrx_word' id='word_1_234' title='bbox 753 2353 850 2380; x_wconf 86' lang='lat' dir='ltr'>sues</span> <span class='ocrx_word' id='word_1_235' title='bbox 908 2353 1029 2380; x_wconf 85' lang='lat' dir='ltr'>coeno</span> <span class='ocrx_word' id='word_1_236' title='bbox 1069 2339 1246 2380; x_wconf 88' lang='lat' dir='ltr'>turbido</span> <span class='ocrx_word' id='word_1_237' title='bbox 1308 2338 1571 2394; x_wconf 70' lang='lat' dir='ltr'>ignorantia}</span> 
     </span>
     <span class='ocr_line' id='line_1_32' title="bbox 170 2405 1569 2463; baseline 0.001 -16"><span class='ocrx_word' id='word_1_238' title='bbox 170 2405 374 2457; x_wconf 83' lang='lat' dir='ltr'>obducti3</span> <span class='ocrx_word' id='word_1_239' title='bbox 408 2406 523 2461; x_wconf 88' lang='lat' dir='ltr'>quia,</span> <span class='ocrx_word' id='word_1_240' title='bbox 554 2410 605 2448; x_wconf 89' lang='lat' dir='ltr'>ut</span> <span class='ocrx_word' id='word_1_241' title='bbox 634 2407 697 2448; x_wconf 84' lang='lat' dir='ltr'>ait</span> <span class='ocrx_word' id='word_1_242' title='bbox 728 2406 1071 2456; x_wconf 82' lang='lat' dir='ltr'>Archimenides,</span> <span class='ocrx_word' id='word_1_243' title='bbox 1106 2421 1253 2463; x_wconf 84' lang='lat' dir='ltr'>sapere</span> <span class='ocrx_word' id='word_1_244' title='bbox 1285 2421 1372 2448; x_wconf 91' lang='lat' dir='ltr'>non</span> <span class='ocrx_word' id='word_1_245' title='bbox 1394 2409 1569 2458; x_wconf 81' lang='lat' dir='ltr'>audent,</span> 
     </span>
     <span class='ocr_line' id='line_1_33' title="bbox 170 2472 1570 2530; baseline 0.002 -16"><span class='ocrx_word' id='word_1_246' title='bbox 170 2474 244 2515; x_wconf 87' lang='lat' dir='ltr'>sed</span> <span class='ocrx_word' id='word_1_247' title='bbox 282 2472 483 2515; x_wconf 88' lang='lat' dir='ltr'>laborant</span> <span class='ocrx_word' id='word_1_248' title='bbox 524 2478 576 2516; x_wconf 92' lang='lat' dir='ltr'>ut</span> <span class='ocrx_word' id='word_1_249' title='bbox 617 2474 825 2526; x_wconf 84' lang='lat' dir='ltr'>nesciant,</span> <span class='ocrx_word' id='word_1_250' title='bbox 870 2478 914 2517; x_wconf 89' lang='lat' dir='ltr'>et</span> <span class='ocrx_word' id='word_1_251' title='bbox 956 2489 982 2515; x_wconf 84' lang='lat' dir='ltr'>a</span> <span class='ocrx_word' id='word_1_252' title='bbox 1025 2474 1184 2530; x_wconf 87' lang='lat' dir='ltr'>palude</span> <span class='ocrx_word' id='word_1_253' title='bbox 1231 2475 1406 2516; x_wconf 88' lang='lat' dir='ltr'>vultum</span> <span class='ocrx_word' id='word_1_254' title='bbox 1444 2491 1570 2517; x_wconf 83' lang='lat' dir='ltr'>suum</span> 
     </span>
     <span class='ocr_line' id='line_1_34' title="bbox 170 2542 1570 2598; baseline 0.001 -15"><span class='ocrx_word' id='word_1_255' title='bbox 170 2542 304 2597; x_wconf 81' lang='lat' dir='ltr'>gratis</span> <span class='ocrx_word' id='word_1_256' title='bbox 341 2542 572 2598; x_wconf 80' lang='lat' dir='ltr'>detegente</span> <span class='ocrx_word' id='word_1_257' title='bbox 623 2546 833 2585; x_wconf 84' lang='lat' dir='ltr'>avertunt</span> <span class='ocrx_word' id='word_1_258' title='bbox 889 2543 1033 2584; x_wconf 83' lang='lat' dir='ltr'>oculos</span> <span class='ocrx_word' id='word_1_259' title='bbox 1093 2543 1404 2598; x_wconf 84' lang='lat' dir='ltr'>imprudenter.</span> <span class='ocrx_word' id='word_1_260' title='bbox 1503 2544 1570 2585; x_wconf 90' lang='lat' dir='ltr'>De</span> 
     </span>
     <span class='ocr_line' id='line_1_35' title="bbox 171 2608 1569 2666; baseline 0.001 -17"><span class='ocrx_word' id='word_1_261' title='bbox 171 2609 327 2663; x_wconf 88' lang='lat' dir='ltr'>quibus</span> <span class='ocrx_word' id='word_1_262' title='bbox 375 2611 529 2652; x_wconf 77' lang='lat' dir='ltr'>beatus</span> <span class='ocrx_word' id='word_1_263' title='bbox 576 2610 813 2666; x_wconf 70' lang='lat' dir='ltr'>Apostolus</span> <span class='ocrx_word' id='word_1_264' title='bbox 854 2608 1021 2652; x_wconf 77' lang='lat' dir='ltr'>Judas¹</span> <span class='ocrx_word' id='word_1_265' title='bbox 1075 2611 1296 2666; x_wconf 73' lang='lat' dir='ltr'>eleganter</span> <span class='ocrx_word' id='word_1_266' title='bbox 1332 2611 1481 2652; x_wconf 77' lang='lat' dir='ltr'>scribit</span> <span class='ocrx_word' id='word_1_267' title='bbox 1524 2612 1569 2651; x_wconf 82' lang='lat' dir='ltr'>in</span> 
     </span>
    </p>
   </div>
   <div class='ocr_carea' id='block_1_3' title="bbox 246 2733 1563 2747">
    <p class='ocr_par' dir='ltr' id='par_1_3' title="bbox 246 2733 1563 2747">
     <span class='ocr_line' id='line_1_36' title="bbox 246 2733 1563 2747; baseline 0 0"><span class='ocrx_word' id='word_1_268' title='bbox 246 2733 1563 2747; x_wconf 95' lang='lat' dir='ltr'> </span> 
     </span>
    </p>
   </div>
   <div class='ocr_carea' id='block_1_4' title="bbox 290 2833 1389 2928">
    <p class='ocr_par' dir='ltr' id='par_1_4' title="bbox 290 2833 1389 2928">
     <span class='ocr_line' id='line_1_37' title="bbox 715 2833 1025 2875; baseline -0.003 -9"><span class='ocrx_word' id='word_1_269' title='bbox 715 2835 723 2854; x_wconf 86' lang='lat'>¹</span> <span class='ocrx_word' id='word_1_270' title='bbox 742 2833 869 2875; x_wconf 72' lang='lat' dir='ltr'>Judas]</span> <span class='ocrx_word' id='word_1_271' title='bbox 889 2843 955 2865; x_wconf 74' lang='lat' dir='ltr'>ver.</span> <span class='ocrx_word' id='word_1_272' title='bbox 977 2836 1025 2865; x_wconf 85' lang='lat' dir='ltr'>lo.</span> 
     </span>
     <span class='ocr_line' id='line_1_38' title="bbox 290 2895 1389 2928; baseline -0.003 0"><span class='ocrx_word' id='word_1_273' title='bbox 290 2897 388 2928; x_wconf 75' lang='lat' dir='ltr'><strong>VOL.</strong></span> <span class='ocrx_word' id='word_1_274' title='bbox 412 2898 441 2928; x_wconf 92' lang='grc' dir='ltr'>Ι.</span> <span class='ocrx_word' id='word_1_275' title='bbox 1305 2896 1336 2926; x_wconf 90' lang='lat' dir='ltr'>D</span> <span class='ocrx_word' id='word_1_276' title='bbox 1360 2895 1389 2925; x_wconf 97' lang='lat' dir='ltr'>D</span> 
     </span>
    </p>
   </div>
  </div>
 </body>
</html>
