1964 3259
183 267 316 322 xxv]
708 275 822 305 opos
853 273 1063 304 TERTIUM.
1526 259 1580 299 95

184 392 396 435 Latinam.
459 391 577 432 Nam
629 389 813 432 ostendo
856 386 1074 442 quomodo
1116 387 1182 426 est
1234 383 1475 439 composita
1526 397 1581 424 ex

183 461 334 503 Graeco
361 464 405 502 et
437 459 649 510 Hebrae03
683 461 775 499 tam
803 455 852 497 in
882 453 1182 498 ecclesiasticis
1203 451 1428 494 vocabulis
1449 465 1581 506 quam

182 529 229 570 in
266 528 577 572 communibus.
649 526 709 568 Et
739 523 862 566 utilis
894 526 960 565 est
994 522 1088 565 haec
1119 519 1410 564 consideratio
1441 518 1581 561 valde.

722 791 827 833 CAP.
862 790 1029 831 XXVI.

249 936 435 977 DEINDE
476 948 676 990 comparo
716 934 966 990 linguarum
997 932 1234 973 utilitatem
1271 931 1328 972 ad
1370 930 1588 972 ecclesiam
1608 932 1712 966 Other
1727 943 1801 965 uses

190 1004 283 1055 Dei,
321 1007 418 1044 tum
454 1006 632 1059 propter
673 1002 860 1044 officium
897 1001 1115 1051 divinum,
1151 1003 1247 1042 tum
1283 1002 1461 1055 propter
1492 1013 1589 1039 0011-
1607 978 1740 1054 {fafflgd

187 1072 446 1114 secrationes
478 1071 752 1113 ecclesiarum
788 1074 833 1112 et
866 1069 1126 1126 hujusmodi,
1160 1072 1255 1111 tum
1292 1070 1470 1124 propter
1502 1067 1590 1107 alia
1608 1068 1786 1119 ianguagqs

189 1140 419 1182 secretiora
470 1140 524 1181 de
575 1154 701 1181 cursu
743 1139 880 1181 totius
927 1137 1127 1189 ecclesiae,
1170 1136 1410 1179 secundum
1441 1149 1589 1177 omnes
1609 1112 1694 1187 {neg
1697 1113 1804 1187 {soil-10

191 1212 333 1251 status
373 1224 399 1250 a
440 1208 655 1264 principio
695 1222 831 1263 usque
867 1205 943 1248 ad¹
978 1207 1123 1257 finem,
1167 1205 1405 1248 secundum
1452 1200 1817 1277 Ρο100-ξξὲἓξξῖἒῡᾶ

189 1281 327 1319 tatem
361 1277 598 1318 literarum.
663 1276 778 1328 Quia
809 1276 901 1317 iota
936 1290 1073 1316 unum
1107 1278 1185 1316 aut
1210 1289 1323 1316 unus
1359 1288 1472 1330 apex
1502 1288 1593 1315 non
1713 1266 1721 1275 ι
1765 1269 1772 1276 ’

192 1345 437 1401 praeteribit
470 1360 496 1386 a
530 1345 623 1400 lege
645 1345 780 1385 donec
811 1343 957 1385 omnia
993 1344 1113 1385 fiant.
1177 1343 1237 1384 Et
1270 1343 1362 1384 haec
1398 1341 1591 1384 conside-

194 1414 308 1455 ratio
348 1413 470 1454 valet
516 1413 705 1454 multum
762 1427 839 1467 pro
879 1412 1037 1453 futuris
1078 1410 1278 1466 periculis
1327 1410 1593 1452 Antichristi

194 1485 240 1524 et
275 1482 461 1523 aliorum
481 1480 836 1532 considerandis?
866 1481 977 1522 sicut
999 1480 1177 1521 docetur
1209 1479 1322 1520 libro
1355 1479 1422 1520 De
1452 1479 1592 1520 Semi-

194 1551 323 1592 nibus
355 1549 708 1605 Scripturarum3
758 1552 810 1590 ut
840 1563 919 1604 ego
952 1561 1122 1602 expono
1163 1547 1211 1587 in
1245 1546 1323 1588 hoc
1365 1546 1467 1588 loco.
1530 1546 1590 1587 Et

193 1621 391 1673 respectu
422 1617 668 1672 reipublicae
704 1616 898 1657 fidelium
931 1614 1163 1656 manifesta
1193 1617 1258 1656 est
1294 1614 1477 1666 utilitas,
1499 1617 1595 1655 tum

194 1689 373 1741 propter
413 1688 587 1740 treugas
628 1688 673 1726 et
714 1698 863 1739 pacem
904 1683 1020 1725 inter
1060 1697 1139 1724 nos
1180 1685 1225 1724 et
1267 1682 1374 1724 alios
1425 1686 1595 1724 contra.-

195 1753 370 1806 hendas,
421 1756 520 1794 tum
582 1756 760 1808 propter
823 1752 1108 1793 mercationes
1159 1755 1203 1792 et
1254 1751 1431 1807 negotia
1475 1751 1598 1793 varia

195 1822 426 1864 tractanda
467 1835 565 1863 cum
601 1821 698 1862 aliis
730 1820 994 1871 nationibus,
1018 1823 1062 1861 et
1102 1822 1280 1875 propter
1319 1819 1461 1861 muita
1500 1819 1596 1860 alia.

198 1890 258 1932 Et.
308 1889 365 1931 ad
415 1889 739 1931 conversionem
802 1887 1045 1929 infidelium
1112 1891 1157 1928 et
1222 1887 1595 1929 schismaticorum

197 1957 428 1998 manifesta
463 1960 530 1998 est
565 1956 735 1997 utilitas
770 1955 1029 2010 linguarum.
1094 1954 1179 1996 Sed
1208 1954 1261 1996 de
1296 1955 1598 2011 reprobatione
1618 1963 1699 1995 And
1714 1964 1770 2013 the)

200 2040 349 2066 eorum
380 2024 455 2079 qui
505 2023 702 2065 converti
763 2037 853 2064 non
902 2026 1094 2078 possunt,
1147 2037 1236 2064 non
1287 2027 1353 2065 est
1405 2023 1594 2065 evidens.
1617 2017 1812 2084 ξζῖζξιξὲξῗ

202 2093 319 2134 Nam
374 2090 476 2134 hoc3
498 2095 563 2133 est
594 2107 732 2133 unum
765 2091 819 2132 de
860 2091 1032 2133 secretis
1074 2095 1346 2142 secretorum,
1391 2094 1435 2134 et
1478 2092 1596 2147 quod
1618 2098 1696 2129 delS.

201 2161 318 2216 apud
368 2161 551 2216 vulgum
582 2162 859 2216 reputaretur
909 2160 1125 2216 magicum
1156 2161 1228 2202 vel
1278 2160 1447 2202 falsum.
1511 2160 1597 2202 Sed

200 2229 497 2285 philosophica
536 2232 601 2270 est
635 2228 727 2271 haec
777 2228 1067 2270 consideratio
1109 2231 1154 2270 et
1195 2232 1453 2279 sanctoruni,
1498 2228 1600 2269 licet

202 2297 437 2339 consimilis
471 2301 516 2340 et
551 2297 598 2338 in
634 2297 797 2339 eisdem
833 2297 963 2338 rebus
996 2297 1054 2338 sit
1090 2298 1314 2353 occupatio
1356 2297 1524 2354 magica
1555 2300 1600 2338 et

201 2366 459 2407 vetularum.
522 2365 686 2407 Eadem
723 2365 838 2407 enim
869 2380 936 2406 res
972 2369 1117 2421 potest
1151 2365 1246 2407 fieri
1267 2366 1376 2408 bene
1398 2369 1442 2408 et
1463 2365 1602 2417 male3

202 2437 246 2476 et
287 2449 362 2490 per
402 2434 586 2476 eandem
626 2448 718 2476 rem
760 2437 943 2490 possunt
972 2434 1089 2476 bona
1121 2437 1166 2476 et
1205 2427 1322 2475 mala
1362 2435 1466 2476 fieri.
1544 2434 1604 2475 Et

195 2502 335 2558 judex
371 2503 598 2559 suspendit
632 2501 853 2544 hominem
893 2502 1128 2544 secundum
1158 2501 1386 2558 judicium,
1408 2506 1460 2555 'et
1495 2503 1605 2563 alius

201 2571 409 2614 interficit
430 2574 582 2614 contra
606 2570 718 2626 jura.
782 2570 841 2612 Et
861 2585 939 2627 per
958 2570 1184 2613 cultellum
1205 2586 1379 2627 possum
1411 2571 1604 2613 scindere

253 2821 339 2864 ἀεὶ]
364 2822 411 2863 111,
435 2824 474 2857 Β.
981 2825 992 2842 ³
1008 2823 1084 2866 hoc]
1111 2834 1175 2856 om.
1193 2823 1233 2857 T.
1281 2823 1342 2857 See
1369 2824 1462 2866 Opus
1482 2823 1604 2866 Majus,

253 2876 265 2893 2
277 2875 532 2919 considerandis]
558 2887 624 2910 om.
648 2877 689 2909 T.
937 2887 967 2917 p.
987 2880 1060 2909 249.
