1964 3259
342 258 428 300 286
844 266 1016 299 nerRI
1057 265 1252 299 BAcoms
1615 310 1617 313 ι
1634 256 1752 313 [cAP.

342 385 515 428 minuta
561 387 606 428 et
638 385 963 442 quinquaginta
994 385 1183 428 secunda
1229 385 1361 427 unius
1393 386 1490 428 diei.
1555 386 1753 438 Quilibet

342 470 445 498 vero
466 455 753 498 novendecim
775 455 892 508 anni,
916 455 1128 497 habentes
1150 455 1344 511 quinque
1367 455 1459 497 dies
1488 454 1753 508 bissextiles,

342 525 508 567 habent
539 525 631 567 dies
663 525 894 581 sexaginta
930 538 1089 566 novem
1120 523 1261 565 millia
1300 527 1520 566 trecentos
1567 525 1752 580 quadra-

342 595 493 651 ginta:
527 594 645 636 unde
677 608 776 635 cum
809 593 1011 636 ducentae
1041 592 1229 650 triginta
1262 593 1458 649 quinque
1501 593 1753 635 lunationes

341 663 530 719 aequales
561 662 759 706 habent¹
794 676 869 704 sex
890 661 1029 704 millia
1056 662 1350 718 noningentos
1381 661 1570 718 triginta
1594 676 1752 704 novem

342 732 442 784 dies,
477 734 523 774 et
555 731 852 789 quadmaginta
882 732 1068 784 minuta,
1103 734 1148 773 et
1180 731 1507 788 quinquaginta
1550 732 1750 783 secunda,

339 804 448 845 tunc
479 801 766 844 novendecim
797 800 914 852 anni,
948 800 1161 843 habentes
1194 801 1388 857 quinque
1421 815 1558 842 annos
1586 800 1752 843 bissex-

338 871 452 923 tiles,
497 873 708 927 superant
739 870 951 912 ducentas
997 869 1188 926 triginta
1232 869 1426 925 quinque
1468 867 1751 912 lunationes2

340 940 483 996 spatio
526 938 813 981 novendecim
857 938 1131 980 minutorum
1164 940 1210 980 et
1241 937 1391 980 decem
1430 939 1750 989 secundorum3

340 1009 457 1064 quod
488 1010 555 1050 est
587 1007 675 1049 fere
706 1008 842 1049 tertia
872 1007 1004 1049 unius
1035 1006 1132 1049 diei.
1197 1007 1326 1059 Quod
1357 1010 1491 1063 patet,
1516 1007 1554 1048 si
1587 1007 1640 1049 de
1662 1021 1752 1048 uno

340 1077 421 1129 die,
475 1073 561 1134 quo
615 1075 894 1132 superfluunt
954 1089 1072 1117 nunc
1123 1075 1232 1118 dicti
1293 1075 1581 1117 novendecim
1644 1076 1750 1117 anni

340 1161 470 1202 super
516 1145 728 1187 ducentas
750 1144 960 1201 triginta
1007 1144 1200 1200 quinque
1244 1144 1527 1195 lunationes2
1578 1144 1749 1186 subtra-

340 1215 496 1256 hamus
538 1213 834 1270 quadraginta
870 1212 1045 1255 minuta
1090 1216 1136 1254 et
1180 1212 1506 1269 quinquaginta
1549 1214 1750 1265 secunda,

341 1284 500 1340 quibus
561 1283 649 1325 illae
709 1282 961 1325 lunationes
1023 1281 1186 1324 efedem
1245 1281 1573 1337 superfluebant
1625 1297 1754 1338 super

340 1352 626 1394 novendecim
688 1365 838 1403 annos,
901 1350 1116 1393 habentes
1168 1354 1346 1392 tantum
1409 1354 1598 1406 quatuor
1660 1349 1753 1392 dies

340 1419 598 1472 bisextiles‚³
640 1424 685 1463 et
727 1421 793 1462 ita
834 1422 961 1477 patet
1022 1419 1138 1476 quod
1197 1434 1287 1462 non
1349 1419 1537 1475 quilibet
1589 1434 1752 1462 noven-

342 1491 481 1532 decim
525 1490 631 1532 anni
663 1489 825 1532 solares
857 1492 1093 1544 aequantur
1128 1488 1213 1530 sibi
1244 1488 1446 1548 invicem,
1490 1489 1565 1531 sed
1598 1492 1754 1544 quater

343 1560 627 1601 novendecim
680 1558 787 1600 anni
836 1558 1024 1599 redeunt
1075 1558 1133 1599 ad
1185 1558 1301 1599 idem
1362 1558 1574 1613 temporis
1633 1558 1752 1614 prin-

343 1628 516 1684 cipium,
551 1627 627 1683 qui
675 1627 844 1668 faciunt
889 1626 1173 1682 septuaginta
1215 1640 1293 1667 sex
1324 1640 1474 1678 annos,
1508 1630 1553 1667 et
1585 1640 1754 1682 semper

342 1700 575 1754 aequantur
606 1695 702 1737 aliis
733 1694 1017 1751 septuaginta
1047 1709 1124 1737 sex
1156 1695 1292 1736 annis.
1356 1693 1429 1736 Si4
1465 1709 1567 1750 ergo
1600 1709 1751 1751 aggre-

342 1770 503 1822 gentur
533 1768 602 1807 tei·
632 1763 919 1806 novendecim
950 1764 1123 1805 minuta
1155 1766 1200 1805 et
1231 1763 1377 1805 decem
1410 1763 1610 1813 secimda,
1654 1777 1753 1818 quae

344 1834 530 1890 quilibet
561 1833 849 1876 novendecim
892 1833 1009 1883 anni,
1054 1832 1265 1874 habentes
1310 1831 1504 1887 quinque
1547 1831 1753 1884 bisextos,

343 1904 514 1946 addunt
546 1917 675 1958 super
698 1903 908 1944 ducentas
933 1901 1121 1957 triginta
1149 1901 1343 1956 quinque
1374 1900 1632 1949 lunationes,
1655 1915 1752 1956 pro-

343 1973 526 2015 venient
557 1971 685 2014 nobis
716 1970 1043 2027 quinquaginta
1075 1972 1241 2025 septem
1272 1969 1449 2011 minuta
1480 1971 1524 2010 et
1566 1969 1754 2024 triginta

343 2041 542 2092 secunda,
590 2040 750 2096 quibus
801 2039 878 2081 isti
929 2042 998 2081 ter
1041 2038 1327 2080 novendecim
1371 2038 1488 2088 anni,
1541 2038 1754 2080 habentes

344 2110 536 2166 quinque
577 2109 783 2163 bssextos,
830 2108 962 2149 simul
1008 2107 1175 2163 sumpti
1223 2107 1444 2148 excedunt
1487 2120 1587 2148 suas
1629 2107 1753 2148 luna-

344 2180 495 2221 tiones.
560 2177 648 2221 Sed
689 2177 977 2219 novendecim
1025 2176 1141 2226 anni,
1190 2175 1403 2217 habentes
1444 2178 1622 2217 tantum
1664 2176 1755 2217 dies

344 2251 534 2304 quatuor
563 2246 802 2296 bisextileS,
849 2247 954 2288 sunt
996 2244 1186 2286 minores
1233 2244 1322 2285 suis
1368 2244 1671 2286 lunationibus
1706 2244 1750 2285 in

344 2316 639 2372 quadraginta
697 2315 881 2356 minutis
934 2320 978 2356 et
1030 2313 1355 2368 quinquaginta
1412 2312 1621 2354 secundis.
1705 2312 1754 2354 Si

346 2385 483 2440 igitur
529 2383 851 2425 subtrahantur
882 2383 974 2424 haec
1005 2381 1300 2437 quadraginta
1343 2380 1518 2421 minuta
1549 2383 1594 2422 et
1626 2381 1752 2434 quin-

345 2452 558 2508 quaginta
607 2451 799 2493 secunda
851 2466 876 2492 a
927 2450 1149 2505 praedictis
1202 2448 1528 2503 quinquaginta
1585 2450 1752 2503 septem

345 2520 529 2563 minutis
581 2522 626 2562 et
690 2519 879 2575 triginta
924 2517 1136 2568 secundis,
1181 2516 1488 2571 relinquentur
1533 2516 1751 2558 sexdecim

393 2778 400 2796 ¹
418 2776 588 2818 seoeayz'nta
614 2784 721 2806 novem
745 2797 753 2805 .
779 2797 786 2805 .
813 2797 820 2805 .
846 2796 854 2805 .
878 2771 1012 2813 habent]
1085 2770 1192 2802 decim
1207 2768 1286 2801 anni
1303 2770 1427 2801 solares
1443 2774 1519 2801 sunt
1532 2769 1594 2802 sibi
1610 2769 1753 2802 invicem

347 2841 411 2863 om.
436 2830 476 2862 T.
1085 2824 1236 2865 aequales,
1269 2824 1354 2855 sicut
1384 2833 1444 2854 nce
1478 2823 1563 2865 cycli
1593 2824 1754 2855 decenno.

391 2884 404 2902 2'
419 2881 614 2923 lunationes]
641 2890 705 2912 om.
722 2879 760 2912 T.
1085 2877 1229 2916 venales,
1248 2877 1286 2908 T.
1304 2876 1339 2907 in
1355 2886 1459 2917 marg⁴
1716 2877 1718 2881 '

392 2937 404 2954 ³
429 2933 604 2977 bisextiles]
640 2943 707 2966 non
738 2941 853 2965 omnes
890 2940 1016 2965 noven-
1129 2931 1139 2949 ⁴
1159 2929 1215 2972 Si]
1236 2940 1299 2963 om.
1318 2929 1356 2961 T.
