1964 3259
362 254 418 299 '78
869 265 1041 300 Rosam
1071 264 1264 299 BAcoms
1654 257 1770 315 [cAP.

360 381 684 438 praeferuntur3
725 385 770 425 et
810 385 961 426 tamen
998 382 1216 426 Averroe's
1257 397 1348 426 non
1387 382 1514 440 plane
1551 380 1766 425 decernit¹

360 451 638 503 contrarium,
662 454 707 494 et
728 451 955 494 Avicenna
974 451 1060 494 fuit
1091 451 1232 507 major
1255 466 1318 504 eo,
1340 453 1385 494 et
1405 450 1652 508 praecipuus
1673 450 1770 492 imi-

360 521 478 562 tator
513 520 777 573 Aristotelis,
815 523 861 563 et
896 520 988 562 dux
1026 535 1072 562 ac
1108 520 1309 576 princeps
1339 518 1628 576 philosophiae
1669 521 1770 574 post

360 587 491 640 eum,2
522 592 574 631 ut
607 590 924 631 commentator
959 588 1067 630 dicit
1102 603 1231 645 super
1260 587 1444 630 tertium
1466 587 1771 629 Meteororum.

361 655 422 698 Et
463 671 610 699 omnes
642 657 860 713 sapientes
900 657 982 699 hoc
1016 656 1240 709 fatentur3
1275 659 1320 698 et
1355 655 1643 713 philosophiae
1679 669 1770 698 suae

360 725 726 781 complementum
747 725 828 767 hoc
850 724 1055 767 ostendit.
1095 724 1212 767 Nam
1242 724 1334 781 ipse
1355 727 1498 767 totam
1532 723 1768 780 complevit

358 792 689 850 philosophiam,
724 796 769 835 et
803 792 1033 850 vulgatam
1062 792 1111 835 in
1146 807 1236 835 uno
1273 792 1509 845 volumine,
1542 794 1587 834 et
1618 806 1770 834 secun-

360 861 466 903 dum
498 862 721 918 propriam
751 861 1041 918 philosophiae
1060 860 1297 903 veritatem
1333 860 1382 902 in
1414 860 1511 911 alio,
1547 875 1647 916 quae
1680 874 1771 902 non

359 930 489 973 timet
524 930 637 973 ictus
661 930 911 972 lancearum
945 929 1351 982 contradicentium,
1389 932 1441 971 ut
1477 929 1665 985 ipsemet
1706 928 1768 970 fa-

358 1001 480 1041 tetur
510 998 559 1040 in
578 998 758 1054 prologo
789 997 892 1040 libri
915 995 1231 1048 Sufficientiae,3
1247 997 1296 1039 in
1329 1011 1416 1052 quo
1447 996 1770 1053 philosophiam

359 1067 588 1122 vulgatam
618 1066 736 1122 apud
763 1065 1043 1122 philosophos
1079 1065 1296 1121 proponit.
1359 1064 1448 1107 Sed
1480 1064 1587 1120 quid
1623 1078 1769 1106 moror

358 1134 407 1176 in
441 1134 522 1186 his,
557 1148 661 1176 nam
697 1133 926 1176 evacuatio
963 1133 1120 1175 erroris
1156 1133 1284 1175 istius
1325 1132 1457 1189 plena
1488 1132 1678 1175 habetur
1714 1147 1768 1175 ex

358 1203 463 1259 ipsis
495 1202 643 1245 verbis
675 1201 942 1244 Aristotelis.
1007 1199 1225 1252 Quoniam
1262 1215 1399 1257 quum
1433 1201 1553 1252 dicit,
1576 1201 1688 1243 sicut
1721 1200 1769 1242 in

359 1271 479 1313 omni
499 1274 659 1313 natura
689 1273 794 1313 sunt
822 1270 920 1320 duo,
944 1283 1078 1326 agens
1111 1272 1156 1311 et
1187 1269 1386 1320 materia,
1408 1269 1468 1311 sic
1490 1271 1535 1311 et
1555 1269 1603 1310 in
1625 1268 1770 1310 anima

359 1339 556 1382 concedo.
620 1338 708 1382 Sed
743 1338 792 1379 in
824 1337 949 1379 nulla
977 1340 1138 1380 natura
1169 1337 1421 1380 coincidunt
1452 1351 1584 1393 agens
1605 1340 1650 1378 et
1679 1351 1771 1378 ma-

358 1408 470 1451 teria
485 1408 599 1450 sicut
619 1410 764 1464 partes
786 1406 891 1462 ejusg
914 1408 968 1448 ut
995 1405 1180 1462 ipsemet
1214 1405 1350 1457 docet,
1390 1405 1579 1448 secundo
1613 1404 1771 1461 Physi-

359 1475 535 1519 corum.4
578 1475 695 1517 Nam
726 1474 789 1517 ibi
811 1474 919 1517 dicit
953 1474 1071 1530 quod
1106 1473 1293 1516 materia
1320 1488 1410 1516 non
1443 1472 1651 1516 coincidit
1672 1488 1770 1515 cum

359 1544 572 1587 efficiente
608 1544 655 1586 in
692 1542 845 1585 eodem
877 1542 1115 1585 secundum
1149 1557 1395 1595 numerum,
1424 1556 1505 1585 nec
1533 1542 1769 1585 secundum

360 1613 546 1670 speciem
563 1628 573 1664 3
621 1611 698 1653 sed
739 1610 879 1653 forma
920 1610 1031 1652 bene
1072 1610 1280 1652 coincidit
1326 1625 1425 1652 cum
1467 1609 1681 1653 efficiente
1723 1609 1772 1651 in

360 1680 510 1723 eodem
542 1679 778 1722 secundum
817 1677 1015 1733 speciem.
1080 1677 1198 1719 Nam
1233 1677 1421 1720 efficiens
1450 1676 1553 1720 facit
1584 1678 1769 1720 sormam

359 1749 444 1791 sibi
477 1747 663 1790 similem
701 1745 940 1789 secundum
968 1745 1168 1802 speciem,
1192 1748 1243 1787 ut
1264 1745 1393 1787 homo
1421 1748 1606 1802 generat
1633 1745 1771 1787 homi-

359 1832 471 1868 nem,
514 1819 560 1858 et
600 1815 748 1857 asinus
789 1814 970 1856 asinum.
1055 1813 1201 1866 Quare
1258 1813 1539 1856 manifestum
1588 1817 1654 1856 est
1694 1817 1771 1856 aut

359 1884 616 1928 Aristoteles
657 1882 885 1931 mentitur,
922 1885 966 1923 et
1002 1881 1088 1924 sibi
1124 1881 1209 1937 ipsi
1250 1882 1519 1933 contradicit,
1562 1885 1640 1925 aut
1680 1896 1771 1924 non

358 1958 426 1996 est
458 1953 572 1996 sicut
606 1951 807 1993 moderni
844 1950 1009 1992 dicunt.
1073 1949 1188 2002 Quia
1216 1950 1264 1991 in
1284 1950 1405 1992 nulla
1437 1964 1483 1991 re
1520 1949 1574 1992 de
1605 1950 1771 1992 mundo

357 2025 539 2079 possunt
560 2020 743 2063 materia
765 2022 809 2062 et
830 2018 1019 2061 efficiens
1041 2017 1172 2060 simul
1194 2033 1295 2069 esse,
1319 2017 1434 2061 sicut
1467 2018 1593 2061 docet
1621 2033 1770 2061 secun-

359 2092 415 2133 do
459 2089 758 2146 Physicorum,
792 2087 857 2130 ita
905 2088 1023 2143 quod
1074 2086 1165 2129 sint
1208 2087 1447 2129 secundum
1477 2086 1770 2130 substantiam

357 2174 479 2203 suam
500 2159 548 2201 in
569 2158 730 2209 eodem,
749 2159 794 2199 et
816 2156 934 2212 quod
956 2156 1045 2198 sint
1065 2159 1211 2212 partes
1233 2155 1426 2211 ejusdem
1446 2155 1522 2199 rei.
1569 2154 1652 2198 Et⁵
1671 2155 1770 2198 ideo

358 2229 488 2271 debet
529 2227 689 2284 exponi
730 2225 848 2282 quod
890 2224 1009 2275 dicit,
1044 2227 1096 2266 ut
1133 2224 1301 2266 dictum
1338 2227 1404 2265 est
1420 2239 1430 2276 ;
1472 2224 1588 2279 quod
1623 2224 1687 2265 ait
1722 2224 1770 2265 in

358 2297 479 2339 omni
510 2299 670 2338 natura
702 2297 748 2336 et
775 2293 823 2335 in
859 2293 1015 2344 anima,
1059 2292 1141 2334 hoc
1177 2295 1256 2345 est,
1290 2292 1337 2333 in
1369 2291 1489 2333 omni
1518 2291 1770 2348 operatione

357 2369 529 2407 naturae
551 2367 595 2405 et
617 2363 790 2414 animae,
813 2362 899 2404 duo
921 2360 1219 2416 requiruntur,
1243 2374 1376 2416 agens
1398 2362 1443 2401 et
1463 2359 1658 2411 materia,
1680 2373 1769 2401 non

358 2437 508 2476 tamen
531 2431 649 2488 quod
670 2431 761 2472 sint
781 2433 928 2487 partes
951 2429 1157 2484 ejusdem,
1179 2427 1280 2471 vel6
1301 2428 1420 2484 quod
1441 2427 1532 2469 sint
1552 2427 1601 2469 in
1617 2428 1769 2470 eodem

405 2597 414 2616 ¹
431 2595 588 2637 decernit]
615 2593 782 2632 discernit,
808 2592 848 2624 Τ.
1100 2593 1120 2608 “
1144 2591 1231 2632 quod
1254 2595 1393 2623 vocatur
1407 2589 1574 2632 Asseplzoe‚
1591 2590 1611 2622 z'.
1624 2601 1649 2622 e.
1666 2589 1769 2622 Liber

403 2651 416 2670 ²
430 2649 516 2691 eum]
541 2648 660 2690 ipsum,
681 2646 720 2679 Τ.
1099 2647 1118 2662 “
1142 2643 1522 2685 Sufficientiae,''—Opus
1531 2643 1652 2685 Majus,
1668 2652 1700 2685 p.
1714 2644 1767 2677 37,

402 2704 415 2723 ³
434 2700 662 2744 Sufficientioe]
682 2696 933 2737 sufficientis,T.
946 2696 1028 2729 “De
1142 2716 1152 2733 ⁴
1171 2713 1392 2756 Physicormn]
1420 2723 1490 2756 cap·
1507 2713 1528 2746 i·

359 2761 376 2774 ‘⁴
399 2757 452 2788 his
489 2753 713 2787 voluminibus
751 2753 817 2784 duo
854 2761 920 2783 non
952 2754 1029 2782 sunt
1143 2785 1154 2803 5

359 2812 379 2827 ‘⁴
402 2809 584 2846 translata3
608 2807 753 2849 primum
776 2809 886 2838 autem
913 2813 1027 2835 secun·
1170 2784 1236 2827 Et]
1263 2795 1327 2817 ⁰¹¹¹·
1346 2784 1386 2817 T·

360 2866 380 2881 “
406 2865 484 2896 dum
500 2862 626 2904 aliquas
642 2865 750 2903 partes
768 2860 891 2893 habent
903 2857 1025 2895 Latini,
1142 2855 1154 2874 ⁶
1169 2853 1234 2897 vel]
1261 2858 1307 2894 ut,
1333 2853 1373 2886 T.
