1964 3259
200 255 319 311 Vm]
647 266 951 298 COMPENDIUM
984 266 1150 297 sTUDn.
1511 256 1595 296 469

198 386 241 424 et
273 398 360 424 uno
393 383 603 425 vilissimo
654 382 929 438 sophismate,
978 385 1023 424 et
1068 381 1114 422 in
1152 380 1348 436 qualibet
1388 379 1596 421 facillima

199 451 446 505 quaestione.
511 450 665 492 Certus
704 450 843 506 igitur
874 465 981 499 sum,
1017 448 1133 504 quod
1164 448 1318 489 melius
1363 450 1476 488 esset
1518 447 1597 487 La-

199 519 315 568 tinis,
369 519 483 574 quod
535 519 748 574 sapientia
779 517 1030 560 Aristotelis
1081 531 1171 558 non
1217 519 1329 558 esset
1373 515 1597 563 translata,

201 601 331 642 quam
363 587 442 628 tali
473 586 738 628 obscuritate
770 589 814 627 et
846 585 1134 641 perversitate
1177 584 1352 633 tradita,
1396 583 1508 625 sicut
1541 583 1601 625 eis

200 656 275 711 qui
308 659 530 711 ponuntur
569 654 632 696 ibi
677 654 865 710 triginta
895 654 966 696 vel
1001 653 1294 708 quadraginta
1329 666 1495 703 annos3
1558 655 1602 693 et

200 727 365 778 quanto
411 723 508 779 plus
551 722 763 772 laborant,
807 724 934 764 tanto
971 722 1116 762 minus
1163 721 1316 770 sciunt,
1366 720 1478 761 sicut
1520 735 1600 775 ego

199 791 381 847 probavi
423 791 468 832 in
501 791 703 832 omnibus
750 789 825 845 qui
870 789 994 831 libris
1028 789 1281 830 Aristotelis
1312 788 1601 830 adhaeserunt.

201 859 331 900 Unde
372 858 573 900 dominus
623 858 851 908 Robertus‚
896 857 1116 913 quondam
1164 857 1387 913 episcopus
1432 856 1600 898 Lincol-
1622 865 1789 898 scientifie

197 925 358 967 niensis
390 930 549 968 sanctae
592 926 822 975 memoriae,
867 925 1065 981 neglexit
1097 925 1275 967 omnino
1319 924 1454 966 libros
1496 924 1597 966 Ari·
1620 910 1784 988 ζῗξξξρῗέ

198 994 366 1035 stotelis
388 997 433 1036 et
454 994 548 1036 vias
571 1008 731 1043 eorum,
756 997 800 1036 et
822 1009 898 1050 per
929 994 1247 1050 experientiam
1285 993 1520 1049 propriam,
1554 998 1600 1035 et

201 1066 399 1104 auctores
441 1062 557 1112 alios
593 1067 637 1104 et
668 1077 744 1117 per
776 1063 883 1104 alias
917 1062 1119 1104 scientias
1162 1062 1416 1117 negotiatus
1448 1065 1514 1103 est
1555 1062 1602 1102 in

199 1131 529 1186 sapientialibus
571 1130 852 1181 Aristotelis3
906 1134 950 1172 et
992 1130 1148 1171 melius
1205 1130 1368 1172 centies
1411 1130 1600 1172 milesies

199 1199 327 1240 scivit
350 1203 394 1241 et
415 1198 585 1254 scripsit
607 1198 683 1240 illa
704 1199 756 1240 de
774 1199 932 1254 quibus
953 1198 1055 1240 libri
1073 1198 1324 1240 Aristotelis
1347 1198 1599 1253 loquuntur,

201 1281 331 1321 quam
363 1267 411 1308 in
442 1267 576 1323 ipsius
607 1267 818 1323 perversis
862 1266 1224 1308 translationibus
1271 1266 1366 1322 capi
1409 1270 1601 1322 possunt.

201 1335 350 1377 Testes
402 1339 504 1377 sunt
550 1338 762 1377 tractatus
814 1335 981 1377 domini
1031 1335 1219 1391 episcopi
1257 1335 1323 1376 De
1372 1334 1502 1386 Iride,
1537 1335 1604 1376 De

204 1403 405 1453 Cometis‚
438 1407 482 1445 et
515 1403 566 1445 de
598 1403 693 1445 aliis
740 1404 856 1459 quod
888 1403 1069 1459 scripsit.
1133 1403 1193 1444 Et
1237 1403 1297 1444 sic
1341 1417 1487 1445 omnes
1529 1403 1604 1458 qui

200 1472 369 1526 aliquid
401 1471 554 1522 sciunt,
588 1472 819 1527 negligunt
849 1486 1097 1527 perversam
1129 1471 1461 1513 translationem
1504 1471 1603 1511 Ari-

202 1541 380 1590 stotelis,
425 1544 468 1581 et
511 1543 715 1595 quaerunt
758 1540 949 1581 remedia
981 1539 1094 1580 sicut
1140 1543 1331 1595 possunt.
1396 1539 1507 1581 Haec
1540 1543 1606 1580 est

200 1608 363 1649 veritas
395 1622 526 1663 quam
557 1607 713 1648 nolunt
743 1607 941 1649 homines
978 1606 1140 1663 perditi
1172 1607 1219 1647 in
1249 1607 1465 1662 sapientia
1507 1621 1606 1648 con-

201 1675 399 1726 siderare,
442 1675 517 1717 sed
549 1678 753 1731 quaerunt
797 1675 1001 1717 solatium
1055 1690 1143 1717 suae
1188 1675 1450 1731 ignorantiae
1495 1675 1607 1717 sicut

201 1744 340 1786 bruta.
425 1743 473 1785 Si
540 1743 656 1785 enim
720 1744 925 1786 haberem
976 1746 1238 1799 potestatem
1291 1758 1418 1799 super
1468 1743 1602 1785 libros
1621 1757 1830 1789 Betterifass

201 1811 454 1854 Aristotelis
498 1825 577 1867 ego
608 1812 792 1854 facerem
825 1826 973 1853 omnes
1018 1811 1208 1861 cremari,
1258 1811 1361 1866 quia
1403 1825 1491 1852 non
1538 1821 1602 1853 est
1619 1802 1831 1878 ἓξᾏῗιᾞὸῗὲἓὲ

202 1880 288 1921 nisi
318 1879 526 1935 temporis
558 1879 732 1921 amissio
766 1879 941 1921 studere
972 1879 1020 1920 in
1053 1878 1151 1930 illis,
1184 1881 1228 1920 et
1275 1893 1402 1920 causa
1447 1879 1603 1920 erroris
1622 1900 1708 1923 were
1720 1892 1828 1922 burnt.

203 1951 246 1988 et
278 1947 586 2003 multiplicatio
617 1947 887 2003 ignorantiae,
922 1947 1040 1988 ultra
1071 1947 1117 1987 id
1149 1946 1265 2002 quod
1290 1947 1436 1988 valeat
1468 1947 1605 2003 expli-

201 2014 299 2056 cari.
362 2014 421 2057 Et
453 2014 659 2070 quoniam
690 2014 856 2056 labores
888 2014 1139 2056 Aristotelis
1185 2017 1289 2056 sunt
1320 2014 1606 2057 fundamenta

203 2082 340 2124 totius
373 2082 611 2139 sapientiae,
644 2082 742 2125 ideo
779 2097 908 2124 nemo
952 2085 1096 2139 potest
1141 2083 1358 2125 aestimare
1391 2087 1606 2138 quantum

204 2150 481 2207 dispendium
533 2151 690 2193 accidit
744 2151 924 2202 Latinis,
964 2152 1065 2206 quia
1111 2151 1247 2192 malas
1299 2151 1606 2193 translationes

202 2223 457 2275 receperunt
508 2219 767 2276 philosophi.
852 2219 911 2261 Et
963 2219 1060 2261 ideo
1112 2234 1201 2261 non
1247 2222 1313 2261 est
1363 2219 1605 2261 remedium

202 2287 379 2343 plenum
411 2287 586 2344 ubique.

263 2355 519 2411 Quicunque
580 2356 680 2397 vult
740 2355 917 2412 gloriari
979 2355 1032 2397 de
1094 2355 1276 2397 scientia
1337 2355 1599 2407 Aristotelis,
1622 2361 1831 2412 lOtlireason.

201 2427 372 2480 oportet
405 2425 521 2479 quod
552 2439 648 2466 eam
679 2424 873 2466 addiscat
903 2424 950 2464 in
980 2424 1131 2480 lingua
1151 2424 1327 2480 propria
1363 2428 1406 2466 et
1437 2425 1600 2474 nativa,
1621 2406 1786 2482 ssffsstt‘sstge

203 2506 300 2534 ciun
343 2493 505 2548 ubique
551 2496 617 2535 est
659 2493 825 2535 falsitas
868 2493 1217 2543 translationum,
1255 2497 1347 2535 tam
1394 2493 1442 2534 in
1486 2494 1604 2535 theo-
1623 2495 1751 2545 reqdftn
1769 2496 1823 2528 the

202 2560 318 2617 logia
361 2576 492 2616 quam
538 2562 586 2602 in
628 2561 913 2618 philosophia.
976 2561 1093 2602 Nam
1131 2575 1278 2603 omnes
1322 2561 1605 2603 translatores
1624 2540 1775 2580 ongmal.

205 2632 307 2670 ante
358 2629 535 2671 beatum
587 2629 909 2685 Hieronymum
961 2633 1219 2671 erraverunt
1271 2629 1510 2679 crudeliter,
1555 2633 1606 2671 ut

204 2696 295 2751 ipse
343 2697 467 2738 doc-et
506 2696 679 2752 ubique.
743 2697 829 2738 Sed
863 2697 966 2751 quia
997 2697 1111 2738 solus
1143 2697 1228 2738 fuit
1275 2699 1319 2738 et
1364 2698 1606 2739 contrarius

205 2764 399 2819 antiquae
442 2765 760 2814 consuetudini,
811 2768 861 2807 ut
907 2765 999 2820 ipse
1043 2765 1106 2807 ait
1137 2764 1184 2806 in
1215 2765 1393 2822 prologo
1426 2765 1606 2808 Ecclesi-
