1964 3259
353 247 438 289 524
920 256 1158 291 APPENDIX
1190 258 1220 290 1.
1645 246 1763 307 [cAP.

351 376 396 415 et
442 387 527 426 ore,
580 373 774 416 formant
817 388 944 417 voces
991 374 1208 416 humanas
1256 389 1283 416 a
1336 374 1466 431 longe
1511 375 1582 416 vel
1615 390 1761 432 prope,

350 445 482 497 prout
512 442 683 495 volunt,
729 457 778 485 ac
820 442 857 484 si
901 442 1084 499 spiritus
1115 457 1213 484 cum
1245 441 1447 485 homine¹
1483 442 1736 499 loqueretur
1753 460 1763 496 3

351 513 396 551 et
428 510 508 552 ut2
540 526 667 553 sonos
698 512 931 553 brutorum
970 512 1257 568 configurant.
1323 511 1488 554 Cannae
1530 525 1634 554 vero
1665 526 1763 569 gra-

350 578 461 619 mini
502 579 702 631 subditae,
736 583 780 622 et
811 579 858 621 in
899 580 1080 622 latebris
1120 583 1249 622 terrae
1282 580 1483 632 conditae,
1526 580 1765 622 ostendunt

349 646 475 688 nobis
521 648 638 703 quod
682 662 770 689 vox
822 648 1016 690 humana
1068 651 1147 700 est,
1200 663 1291 690 non
1337 647 1619 705 spirituum,3
1665 664 1762 705 quae

350 729 509 771 magno
541 716 724 773 fingitur
754 717 991 759 mendacio.
1055 716 1204 769 Quum
1236 731 1337 760 vero
1371 717 1419 758 in
1456 717 1647 759 tenebris
1677 732 1764 759 cre-

349 784 518 839 pusculi
551 785 783 827 matutinis
814 786 886 828 vel
917 786 1145 827 nocturnis
1183 800 1251 828 res
1288 786 1547 828 inanimatae
1582 800 1762 828 moven-

348 856 424 894 tur
468 853 719 906 velociter,⁴¹
783 869 872 896 non
924 858 991 896 est
1034 855 1211 907 veritas,
1260 854 1336 897 sed
1379 856 1500 896 fraus
1533 858 1579 897 et
1627 855 1761 897 dolus.

351 920 595 964 Consensus
638 937 743 964 vero
797 922 945 965 omnia
1001 923 1135 979 fingit
1182 938 1279 979 quae
1336 923 1495 966 volunt
1550 923 1760 974 homines,

348 993 480 1045 prout
521 990 767 1033 adinvicem
799 991 1052 1047 disponunt.

127 1058 282 1109 opposed
298 1064 332 1092 to
412 1058 467 1099 In
499 1058 567 1100 his
598 1073 702 1100 vero
735 1059 949 1109 omnibus,
993 1073 1072 1101 nec
1109 1059 1410 1116 philosophica
1441 1057 1762 1102 consideratio5

121 1103 275 1145 phxlosop
277 1105 322 1147 hy
325 1130 332 1137 '
350 1127 607 1177 considerat,
641 1142 720 1170 nec
751 1142 831 1178 ars,
866 1142 944 1169 nec
972 1130 1167 1184 potestas
1198 1132 1369 1170 naturae
1402 1128 1611 1170 consistit.
1675 1128 1762 1170 Sed

346 1195 558 1252 propter6
603 1195 697 1238 haec
741 1199 808 1238 est
848 1195 1032 1252 nequior
1078 1196 1314 1252 occupatio,
1348 1196 1523 1252 quando
1564 1195 1762 1237 homines

347 1268 499 1306 contra
547 1264 665 1320 leges
706 1264 1005 1321 philosophice,
1049 1268 1094 1306 et
1141 1271 1292 1306 contra
1333 1279 1505 1306 omnem
1547 1266 1763 1306 rationein

347 1332 529 1388 spiritus
565 1333 777 1375 invocant
813 1333 1012 1383 nefarios.
1048 1336 1099 1374 ut
1133 1347 1212 1389 per
1248 1347 1318 1374 eos
1356 1347 1481 1374 suam
1518 1333 1764 1389 compleant

345 1400 636 1443 voluntatem.
699 1401 759 1443 Et
795 1401 843 1442 in
885 1401 965 1443 hoc
1013 1405 1079 1443 est
1121 1416 1250 1451 error,
1291 1401 1410 1457 quod
1451 1401 1638 1443 credunt
1678 1400 1763 1442 sibi

346 1469 502 1526 subjici
548 1469 739 1526 spiritus,
784 1473 836 1511 ut
882 1469 997 1526 ipsos
1049 1468 1236 1526 cogant⁷
1287 1470 1482 1511 humana
1534 1470 1701 1511 virtute
1727 1467 1762 1521 ;8

346 1538 427 1580 1106
470 1538 588 1580 enim
639 1541 706 1580 est
758 1538 1040 1594 impossibile,
1106 1539 1210 1594 quia
1266 1538 1333 1580 vis
1390 1538 1580 1580 humana
1633 1538 1762 1593 longe

347 1606 529 1649 inferior
570 1609 638 1649 est
681 1621 811 1663 quam
859 1606 1104 1662 spirituum.
1188 1606 1337 1662 Atque
1389 1607 1435 1648 in
1487 1607 1568 1648 hoc
1624 1606 1763 1662 magis

347 1675 557 1717 oberrant
606 1674 859 1731 hujusmodi
912 1673 1142 1727 homines,9
1192 1674 1310 1731 quod
1357 1689 1434 1731 per
1485 1675 1653 1730 aliquas
1694 1688 1763 1716 res

345 1743 571 1786 naturales
614 1743 773 1800 quibus
814 1746 1017 1794 utuntur,
1055 1743 1240 1785 credunt
1282 1742 1355 1785 vel
1390 1743 1602 1785 advocare
1619 1742 1651 1766 ¹⁰
1691 1742 1762 1785 vel

347 1811 498 1869 fugare
521 1812 714 1869 spiritus.
777 1812 837 1854 Et
875 1812 1019 1854 adhuc
1057 1815 1240 1865 erratur,
1265 1811 1440 1868 quando
1478 1827 1555 1868 per
1586 1812 1761 1853 invoca-

348 1882 503 1934 tiones,
537 1885 582 1924 et
614 1881 953 1938 deprecationes,
999 1883 1043 1923 et
1086 1880 1298 1923 sacrificia
1327 1881 1536 1923 nituntur
1566 1880 1764 1922 homines

349 1965 420 1993 eos
474 1950 658 2006 placare,
715 1953 761 1992 et
818 1949 1032 1992 adducere
1094 1964 1172 2006 pro
1234 1948 1431 1991 utilitate
1483 1949 1763 2002 vocantium3

347 2019 518 2060 facilius
572 2018 687 2061 enim
730 2018 824 2060 sine
874 2018 1199 2074 comparatione
1240 2033 1266 2059 a
1308 2017 1401 2059 Deo
1443 2017 1764 2074 deprecandum

349 2084 508 2139 esset.‚1¹
534 2087 606 2129 vel
638 2102 665 2128 a
695 2086 824 2128 bonis
854 2087 1094 2143 spiritibus,
1120 2086 1327 2142 quicquid
1350 2086 1478 2128 hoino
1502 2086 1633 2128 debet
1656 2086 1763 2129 utile

346 2159 564 2212 reputare.
650 2155 763 2198 Cum
814 2170 894 2198 1166
949 2155 998 2197 in
1049 2154 1179 2197 rebus
1226 2155 1461 2196 inutilibus
1503 2154 1764 2197 favorabiles

349 2225 552 2267 existunt
604 2224 784 2281 spiritus
835 2224 1030 2281 maligni,
1082 2224 1167 2265 nisi
1223 2223 1271 2264 in
1321 2226 1535 2279 quantum
1587 2227 1764 2280 propter

346 2290 575 2335 hominum
618 2295 796 2350 peccata
836 2308 863 2334 a
904 2292 998 2335 Deo
1040 2292 1370 2348 permittuntur,
1405 2292 1480 2348 qui
1521 2292 1762 2334 humanum

391 2496 398 2514 ¹
420 2506 488 2526 cum
506 2494 644 2537 homine]
673 2499 753 2526 tunc
768 2494 925 2532 humane,
951 2493 987 2526 C.
1128 2492 1138 2509 ⁷
1156 2493 1286 2534 coyant]
1315 2498 1347 2524 et
1363 2494 1451 2534 quod
1476 2492 1611 2534 spiritus
1637 2503 1758 2534 cogan-

389 2548 402 2569 2
418 2554 448 2581 et
465 2548 515 2591 ut]
535 2548 653 2580 etiam.
680 2572 686 2579 .
713 2547 920 2588 confingunt,
937 2546 1021 2578 GH.
1083 2550 1145 2584 tur,
1165 2546 1202 2578 C.
1221 2546 1264 2577 H.

391 2604 403 2622 ³
419 2601 611 2644 spirituum]
648 2605 680 2632 et
712 2609 779 2632 non
812 2599 946 2641 spiritus
979 2623 987 2631 .
1012 2623 1020 2630 .
1126 2600 1137 2617 ⁸
1154 2598 1286 2640 virtute]
1312 2599 1493 2637 voluntate,
1518 2598 1555 2631 C.

346 2655 487 2697 fingunt,
505 2654 542 2687 C.
560 2654 603 2685 H.
1127 2653 1139 2670 ⁰
1154 2651 1334 2693 hujusmodi
1357 2651 1512 2693 homines]
1542 2662 1605 2684 om.
1636 2651 1710 2684 MS.

388 2708 399 2726 ⁴
420 2706 582 2748 velociter]
602 2704 761 2743 violenter,
778 2705 822 2737 H.
1128 2705 1150 2722 ¹⁰
1167 2703 1344 2745 advocare]
1376 2705 1536 2736 advocari
1568 2705 1622 2735 vel
1649 2703 1759 2745 fugari

390 2761 401 2778 ⁵
417 2759 648 2801 consideratio]
700 2758 785 2790 ratio
822 2757 1021 2796 considerat,
1084 2767 1130 2798 sp.
1147 2757 1323 2799 malignos,
1341 2757 1377 2789 C.
1395 2757 1439 2788 H.

348 2807 383 2846 C.
399 2813 442 2846 II.
1134 2811 1153 2828 ¹¹
1175 2809 1410 2852 deprecandum
1442 2810 1540 2853 asset]
1577 2811 1756 2852 impetran-

389 2867 401 2884 a
411 2865 563 2908 propter]
592 2870 720 2906 praeter,
745 2864 789 2896 H.
1084 2864 1163 2895 dum
1187 2863 1280 2902 foret,
1299 2863 1335 2895 C.
1354 2862 1398 2894 Η.
