1964 3259
767 288 881 320 opus
911 288 1067 320 MINUs,
1539 280 1625 326 34¹7

226 403 563 445 translationum
590 405 820 460 disputare.
883 403 1043 444 Totum
1073 403 1189 446 enim
1219 403 1483 460 Hieronymi
1511 404 1628 459 quod

228 470 437 514 habemus
483 473 530 513 in
571 472 762 527 antiquis
804 470 973 522 Bibliis‚
1009 474 1053 513 et
1095 472 1142 512 in
1187 472 1398 528 originali,
1432 472 1524 514 haec
1566 473 1629 513 di-

228 540 468 581 versimode
520 540 622 581 hinc
674 540 774 581 inde
826 539 1088 594 aliquotiens
1138 540 1434 582 transtulerat.
1514 540 1629 592 Qua-

226 611 402 662 propter
443 607 715 649 concluditur
760 607 998 648 necessario
1046 621 1101 649 ex
1144 607 1210 649 his
1254 608 1467 660 omnibus,
1511 607 1627 663 quod

227 675 456 717 translatio
497 679 562 717 est
614 675 877 730 Hieronymi
923 690 1052 730 quam
1094 690 1173 716 nos
1224 679 1432 717 tenemus.
1517 676 1627 718 Cum

226 742 362 798 igitur
392 743 552 798 vulgus
582 743 884 799 theologorum
918 743 998 784 1100
1029 743 1213 799 ignorat,
1247 747 1292 785 et
1323 744 1629 786 contradicunt

228 811 366 860 multi,
400 814 444 853 et
474 811 550 852 alii
582 811 799 860 dubitant,
840 825 937 866 quae
974 812 1032 852 sit
1073 811 1306 853 translatio
1344 817 1475 867 quam
1506 813 1628 868 sequi

227 879 424 930 debeant,
477 893 647 921 necesse
701 881 767 920 est
828 879 1066 934 quemlibet
1127 894 1263 921 unum
1314 880 1501 936 recipere
1552 895 1628 936 pro

226 947 322 998 alio,
370 950 415 988 et
465 947 750 1003 improprium
802 961 879 1003 pro
931 947 1120 1003 proprio,
1173 952 1218 990 et
1268 948 1501 1004 multiplex
1552 948 1630 990 fal-

226 1028 322 1055 sum
372 1029 450 1070 pro
500 1028 612 1056 vero.
697 1014 809 1057 Cum
859 1015 997 1071 igitur
1047 1030 1136 1056 una
1187 1019 1252 1057 est
1302 1016 1530 1058 translatio
1581 1017 1629 1057 10

227 1082 430 1124 omnibus
475 1082 597 1124 libris
650 1082 922 1134 Latinorum,
975 1086 1020 1125 et
1071 1086 1137 1124 est
1187 1083 1261 1125 illa
1308 1099 1438 1139 quam
1488 1084 1628 1140 primo

228 1149 527 1206 Hieronymus
583 1151 848 1202 transtulit;
910 1150 1014 1206 quia
1075 1151 1307 1193 secundam
1369 1151 1470 1194 fecit
1531 1167 1629 1194 cum

226 1219 498 1274 expositione
544 1234 622 1260 sua
652 1219 701 1259 in
742 1219 956 1275 originali,
1010 1219 1244 1261 translatio
1292 1234 1422 1275 quam
1465 1220 1629 1276 recepit

225 1285 403 1328 ecclesia
463 1286 766 1342 multipliciter
817 1287 1091 1342 depravatur.
1177 1287 1304 1339 Quod
1355 1287 1491 1343 aliqui
1540 1302 1629 1329 non

227 1356 502 1397 considerant
532 1356 582 1397 in
613 1355 898 1411 originalibus
919 1359 1179 1406 sanctorum,
1204 1357 1307 1412 quia
1337 1357 1628 1400 translatione

227 1423 296 1464 usi
331 1427 434 1465 sunt
465 1423 616 1479 primo.
683 1423 794 1466 Cum
827 1427 976 1465 tamen
1006 1424 1098 1466 haec
1132 1425 1216 1466 fuit
1239 1425 1531 1481 Septuaginta
1561 1425 1628 1466 in-

226 1494 468 1547 terpretum
500 1491 672 1533 Veteris
705 1491 988 1542 Testamenti,
1019 1494 1064 1533 et
1104 1492 1202 1533 ideo
1236 1506 1334 1534 cum
1365 1493 1504 1534 sancti
1525 1493 1628 1534 reci-

226 1562 326 1601 tant
357 1560 491 1601 verba
535 1559 771 1614 Scripturas·
823 1560 1062 1601 secundum
1113 1559 1233 1601 illam
1284 1561 1629 1613 translationem,

225 1630 386 1683 putant
417 1627 520 1682 quia
550 1641 639 1667 una
675 1633 719 1669 et
750 1627 901 1668 eadem
939 1630 1016 1679 est,
1061 1642 1193 1682 quam
1237 1628 1429 1685 allegant
1460 1630 1629 1681 sancti3

225 1702 268 1737 et
302 1709 399 1750 quae
443 1695 573 1736 debet
617 1709 707 1736 esse
758 1709 875 1736 01100
918 1695 964 1736 10
1009 1695 1154 1737 Biblia
1198 1697 1469 1748 Latinorum,
1513 1698 1629 1753 quod

224 1778 313 1805 non
365 1766 431 1805 est
482 1777 646 1805 verum.
723 1763 781 1804 Et
822 1763 920 1805 ideo
973 1764 1196 1820 corrigunt
1248 1768 1293 1806 et
1345 1768 1629 1821 corrumpunt

224 1835 400 1874 textum
441 1846 517 1888 per
559 1831 670 1873 hanc
700 1831 832 1882 viam,
877 1831 990 1873 sicut
1022 1834 1143 1887 patet
1186 1847 1263 1887 per
1294 1834 1544 1889 exemplum
1575 1834 1629 1875 de

225 1914 353 1941 corvo
385 1900 434 1940 in
467 1899 637 1950 Genesi,
680 1903 731 1940 ut
763 1913 933 1954 expono
965 1899 1013 1940 in
1044 1913 1171 1954 opere
1204 1901 1319 1955 quod
1361 1901 1503 1942 mitto.
1568 1902 1629 1943 Et

226 1968 428 2009 similiter
478 1967 563 2008 alia
614 1970 718 2008 sunt
770 1966 947 2008 infinita
1004 1968 1217 2023 exempla.
1301 1968 1360 2010 Et
1411 1968 1627 2025 praecipue

226 2035 383 2077 accidit
423 2034 652 2090 corruptio,
686 2034 789 2089 quia
818 2037 917 2076 tota
947 2034 1018 2076 die
1049 2038 1226 2078 mutant
1256 2039 1430 2078 textum
1462 2052 1518 2078 ex
1549 2038 1629 2079 hac

226 2117 363 2146 causa.
427 2102 588 2153 Sancti,
621 2105 665 2143 et
698 2101 889 2144 maxime
921 2101 1228 2158 Hieronymus,
1262 2105 1448 2147 recitant
1480 2120 1628 2147 omnes

227 2170 536 2213 translationes
567 2169 623 2211 ad
653 2169 836 2211 eandem
868 2170 1134 2212 sententiam
1175 2175 1352 2228 propter
1390 2173 1627 2229 pleniorem

227 2238 554 2295 expositionem.
618 2236 751 2278 Multi
781 2252 885 2279 vero
915 2252 1004 2279 non
1047 2240 1371 2282 considerantes
1413 2241 1627 2283 rationem.

227 2307 578 2356 translationum,
612 2306 796 2347 credunt
827 2306 944 2361 quod
975 2310 1077 2348 sunt
1109 2307 1206 2350 aliae
1247 2309 1387 2351 literae
1433 2309 1627 2363 ejusdem

225 2374 554 2418 translationis:
614 2377 659 2415 et
707 2376 814 2416 tunc
869 2375 1069 2416 inserunt
1119 2376 1167 2416 in
1218 2379 1390 2419 textum
1440 2378 1626 2430 literam,

226 2459 358 2500 quam
388 2443 527 2499 magis
556 2441 820 2498 intelligunt.
874 2441 934 2484 Et
965 2443 1024 2484 sic
1054 2443 1275 2486 infinitam
1306 2447 1627 2502 corruptionem

225 2513 450 2554 inducunt.
512 2510 694 2561 Iterum,
747 2509 814 2551 illi
857 2510 932 2566 qui
979 2512 1261 2567 compositam
1296 2515 1627 2556 translationem

223 2582 407 2636 ponunt,
430 2578 494 2619 illi
525 2580 792 2634 componunt
813 2582 865 2620 ut
886 2579 1072 2630 volunt3
1126 2595 1229 2622 nam
1262 2581 1466 2637 allegant,
1511 2583 1628 2637 quod

225 2648 355 2689 litera
377 2647 532 2688 Bibliae
566 2650 632 2688 est
668 2646 907 2701 composita
928 2662 983 2688 ex
1014 2648 1173 2690 multis.
1237 2649 1297 2690 Et
1328 2650 1425 2690 ideo
1456 2653 1627 2705 ponunt

228 2715 345 2770 quod
390 2714 561 2766 volunt,
593 2718 638 2755 et
671 2715 865 2765 miscent,
898 2717 943 2756 et
983 2719 1171 2766 mutant,
1213 2716 1359 2757 omnia
1399 2731 1496 2774 quae
1537 2731 1626 2758 non

228 2781 490 2838 intelligunt.
551 2782 611 2824 Et
652 2782 822 2831 iterum,
856 2782 1075 2838 accipiunt
1112 2799 1208 2838 quae
1249 2784 1408 2826 volunt
1438 2800 1462 2826 a
1495 2784 1627 2826 simili

228 2850 515 2895 translatione
554 2853 600 2892 et
629 2851 879 2908 composita,
902 2865 992 2892 non
1013 2851 1153 2893 solum
1181 2852 1236 2894 ab
1269 2852 1354 2894 illis
1377 2853 1625 2899 translatio-
