1964 3259
233 254 376 309 vai]
761 262 876 293 opus
884 306 899 309 n
907 261 1118 292 TERTIUM.
1548 247 1632 293 271

233 381 482 438 reipublicae
529 379 738 429 fidelium,
772 383 816 420 et
858 376 1152 419 conversionis
1197 375 1455 426 infidelium,
1489 378 1533 416 et
1574 390 1638 416 re-

232 450 464 506 pressionis
517 463 666 490 eorum
714 447 789 503 qui
832 461 921 487 non
963 448 1145 500 possunt
1197 443 1405 485 converti.
1469 443 1529 484 Et
1569 443 1640 484 hic

233 518 360 574 longe
391 517 557 572 majora
592 520 696 557 sunt
738 530 870 571 quam
915 513 963 554 in
1010 513 1212 555 omnibus
1258 511 1638 568 praecedentibus,

233 590 278 628 et
324 601 400 642 per
442 586 534 627 haec
580 583 892 626 certificabitur
926 582 1043 637 quod
1084 581 1396 622 mathematica
1441 595 1531 622 non
1574 583 1640 621 est

233 654 281 696 in
321 655 467 709 aliquo
509 653 681 703 vitiosa,
725 652 800 693 sed
851 665 1080 707 pmegnans
1124 653 1169 692 et
1211 649 1465 705 plenissima
1517 648 1636 690 omni

234 723 427 764 utilitate
459 726 504 763 et
535 722 684 763 decore
716 719 944 775 sapientiae
976 719 1202 760 ineffabili.
1267 718 1327 759 Et
1359 719 1415 759 ad
1451 731 1641 773 praesens

234 793 510 846 comparatur
560 790 617 830 ad
667 789 890 830 ecclesiam
941 788 990 829 in
1035 791 1203 843 septem
1246 786 1376 828 rebus
1422 785 1640 837 maximis,

234 859 434 914 quamvis
476 858 523 899 in
562 857 715 898 multis
757 857 894 913 possit
941 855 1190 912 comparari.
1254 854 1341 896 Sed
1387 855 1474 896 tria
1525 868 1642 896 01100

235 926 458 967 sufficiunt
489 928 665 981 propter
695 926 890 981 ipsorum
920 924 1272 981 magnitudinem
1304 926 1348 964 et
1380 937 1595 964 arcanum.

296 994 494 1035 Primum
526 998 591 1036 est
624 994 677 1035 de
709 994 1034 1050 comparatione
1065 992 1387 1034 mathematicae
1420 992 1478 1033 ad
1509 991 1641 1033 fidem

236 1077 368 1118 quam
398 1066 520 1104 tenet
552 1062 740 1114 ecclesia,
775 1066 825 1104 ut
856 1077 935 1104 nos
966 1062 1110 1118 parati
1142 1061 1277 1102 simus
1310 1064 1354 1102 et
1386 1060 1641 1102 confirmare

235 1131 524 1187 nosmetipsos
565 1131 613 1172 in
653 1131 739 1173 fide
771 1135 932 1182 nostra,
967 1134 1011 1172 et
1042 1130 1220 1172 reddere
1263 1130 1480 1171 rationem
1523 1128 1642 1170 omni

235 1200 413 1255 petenti.
478 1199 537 1241 Et
568 1201 649 1241 hoc
682 1203 748 1242 est
780 1214 915 1240 unum
948 1199 1001 1241 de
1032 1199 1271 1254 majoribus
1308 1198 1466 1249 rebus3
1509 1200 1553 1239 et
1595 1197 1643 1238 in

237 1268 316 1309 1100
347 1268 658 1309 mathematica
689 1268 882 1309 deservit
918 1271 1086 1323 quartae
1128 1267 1243 1322 parti
1285 1266 1461 1308 moralis
1502 1265 1641 1321 philo—

238 1336 412 1391 sophiae,
448 1336 568 1391 cujus
611 1340 676 1377 est
717 1336 942 1391 proprium
985 1335 1274 1377 determinare
1319 1335 1371 1376 de
1416 1334 1554 1383 sectis,
1599 1337 1643 1375 et

238 1403 394 1459 eligere
426 1403 546 1444 illam
579 1418 677 1458 quae
710 1407 776 1445 est
806 1404 853 1444 in
886 1404 972 1445 fine
1004 1404 1217 1453 veritatis,
1250 1408 1294 1445 et
1326 1404 1418 1445 haec
1450 1406 1517 1444 est
1538 1402 1643 1444 fides

241 1471 516 1523 Christiana3
550 1471 662 1513 sicut
693 1472 1044 1513 manifestissime
1076 1475 1220 1528 potest
1251 1472 1424 1527 probari
1450 1485 1526 1526 per
1547 1471 1642 1512 vias

237 1539 527 1590 astronomiae,
562 1543 606 1580 et
647 1554 724 1594 per
761 1555 811 1580 ea-
842 1554 939 1594 (111ῑο
982 1540 1058 1580 1110
1098 1555 1196 1595 pars
1238 1539 1413 1580 moralis
1456 1539 1642 1594 philoso-

238 1608 354 1663 phiae
388 1608 513 1649 docet
544 1608 780 1662 magnifice.
846 1607 975 1648 Unus
1011 1608 1148 1662 igitur
1194 1607 1349 1648 modus
1390 1607 1643 1662 negotiandi

237 1676 350 1717 circa
401 1679 615 1717 sectarum
667 1676 922 1717 electionem
973 1679 1039 1717 est
1089 1691 1166 1731 per
1217 1676 1538 1727 astronomiam,
1592 1680 1643 1717 ut

238 1744 417 1800 pulchre
449 1744 728 1785 confirmetur
758 1744 876 1795 fides,
912 1758 1043 1799 quam
1074 1759 1195 1785 sacra
1226 1747 1347 1785 tenet
1385 1744 1570 1796 ecclesia,
1601 1748 1646 1786 et

238 1813 429 1869 gaudeat
489 1812 677 1867 quilibet
723 1812 999 1854 Christianus
1045 1813 1161 1867 quod
1212 1813 1514 1854 testimonium
1556 1828 1645 1856 suae

238 1880 342 1921 fidei
373 1879 536 1935 poterit
568 1894 645 1935 per
676 1881 917 1921 sententias
954 1881 1307 1937 philosophorum
1349 1882 1519 1934 habere,
1552 1883 1645 1937 ipsa

239 1948 429 1990 veritate
462 1951 718 1989 coactorum.

301 2016 396 2057 Nec
427 2019 492 2057 est
524 2016 773 2056 mirandum
810 2016 862 2057 de
895 2017 983 2066 1100,
1020 2017 1122 2072 quia
1162 2018 1407 2073 philosophi
1447 2019 1645 2061 infideles

244 2083 495 2125 habuerunt
526 2086 666 2124 totam
698 2098 821 2124 suam
853 2085 1112 2140 sapientiam
1136 2100 1161 2126 0
1198 2087 1357 2127 sanctis
1388 2087 1646 2142 patriarchis

242 2155 286 2193 et
338 2151 576 2207 prophetis,
627 2152 738 2193 sicut
779 2153 826 2193 in
867 2154 1056 2194 secunda
1099 2158 1223 2209 parte
1268 2154 1420 2210 Operis
1468 2155 1647 2211 Majoris

244 2219 406 2270 edocui,
446 2222 491 2261 et
521 2219 652 2275 tetigi
685 2220 790 2261 satis
822 2221 869 2261 in
901 2221 1175 2277 expositione
1222 2222 1339 2264 illius
1380 2224 1519 2278 partis
1545 2240 1553 2274 3
1605 2229 1650 2266 et

244 2289 392 2339 etiam,
426 2288 662 2329 secundum
694 2289 810 2343 quod
843 2289 950 2330 dicit
981 2291 1213 2345 apostolus,
1245 2291 1403 2333 “Deus
1424 2292 1511 2333 illis
1532 2307 1651 2335 reve-

244 2360 267 2379 “
298 2355 447 2397 lavit.''
510 2356 570 2397 Et
591 2355 867 2412 Augustinus
890 2360 934 2398 et
956 2358 1095 2399 sancti
1117 2359 1197 2400 hoc
1218 2359 1324 2400 satis
1346 2360 1514 2412 docent,
1537 2361 1650 2403 sicut

243 2424 291 2465 in
323 2424 399 2465 illa
429 2428 554 2480 parte
588 2424 741 2480 Operis
775 2425 952 2480 Majoris
985 2427 1174 2482 exposui.
1238 2427 1298 2469 Et
1329 2428 1427 2469 ideo
1465 2430 1648 2471 ostendo

245 2493 462 2547 quomodo
514 2493 751 2533 astronomi
793 2494 1028 2535 revolvunt
1069 2499 1206 2537 sectas
1258 2496 1515 2552 principales
1557 2512 1644 2548 sex,

247 2561 411 2602 scilicet
465 2564 625 2602 sectam
673 2562 853 2603 Saturni
896 2578 992 2617 quae
1047 2567 1112 2604 est
1153 2564 1424 2616 Judaeorum,
1484 2570 1646 2606 sectam

250 2628 409 2669 Martis
441 2643 538 2683 quae
570 2632 635 2670 est
668 2628 986 2680 Chaldaeorum,
1020 2635 1180 2672 sectam
1212 2631 1406 2673 Solarem
1442 2647 1539 2687 0111εο
1580 2637 1646 2674 est

249 2695 570 2750 AEgyptiorum,
621 2700 781 2738 sectam
835 2698 1016 2740 Veneris
1068 2714 1165 2754 quae
1217 2703 1282 2741 est
1320 2700 1642 2752 Saracenorum,

248 2766 293 2804 et
321 2766 483 2804 sectam
509 2764 821 2817 Mercurialem,
845 2781 943 2820 quae
965 2770 1030 2808 est
1051 2767 1178 2822 plena
1211 2767 1434 2823 sapientia,
1470 2772 1515 2809 et
1547 2769 1646 2810 doc-
