1964 3259
194 255 315 314 vm]
649 264 956 297 COMPENDIUM
986 265 1150 297 STUDII.
1511 254 1598 301 477

194 383 364 426 Latinis
416 384 462 426 in
505 383 745 439 Evangelio
797 382 931 424 habet
982 381 1172 423 mediam
1226 381 1494 437 productam,
1544 383 1597 423 de

193 452 314 507 cujus
374 456 554 495 accentu
616 451 877 493 credendum
930 453 995 491 est
1047 449 1077 491 J
1081 464 1246 492 uvenco
1308 454 1353 492 et
1407 449 1595 500 Sedulio,

192 521 443 563 auctoribus
475 520 602 563 certis
634 523 678 562 et
710 518 864 576 dignis.
927 518 1149 562 Juvencus
1180 518 1288 561 dicit
1320 518 1396 575 [ἰν.
1432 518 1579 574 625.];

380 632 592 674 “Pilatus
624 632 760 674 donat
792 630 909 688 plebi
939 631 1110 687 legique
1143 630 1413 673 Barabban.”

192 740 472 797 Amcylyplcas
506 741 553 782 in
597 740 710 782 libro
749 738 941 796 Regum¹
987 739 1121 781 habet
1164 739 1453 795 penultimam
1500 754 1599 795 pro-

196 811 385 861 ductam,
425 810 528 865 quia
570 808 845 864 componitur
885 808 941 849 ab
983 822 1087 857 cona,
1126 808 1241 863 quod
1284 812 1349 849 est
1381 822 1522 864 supra,
1555 812 1599 850 et

190 878 360 934 gylyplca
399 877 516 932 quod
558 880 624 918 est
665 876 886 932 sculptura
927 875 999 918 vel
1047 875 1265 927 caelatura‚
1299 876 1421 931 quasi
1474 891 1598 932 supe-

192 946 282 987 rius
333 945 501 1001 sculpta
550 944 622 987 vel
673 944 907 1000 sculpturae
969 945 1349 1001 supereminentes.
1436 943 1599 1000 Glyplze

191 1029 293 1056 vero
335 1014 468 1055 habet
509 1013 698 1069 primam
741 1013 1010 1069 productam,
1045 1016 1088 1054 et
1133 1012 1208 1054 illa
1245 1012 1415 1068 syllaba
1446 1013 1597 1069 longa-

191 1083 313 1124 bitur
358 1082 405 1123 in
449 1083 528 1124 hoc
573 1081 750 1124 nomine
796 1080 1068 1136 <cnc09lypha.
1134 1081 1246 1123 Cum
1274 1081 1428 1137 figitur
1472 1081 1596 1123 Brito

191 1151 373 1207 corripit
414 1165 520 1202 eam,
571 1154 697 1201 errat,
748 1152 792 1191 et
843 1149 1071 1191 confirmat
1124 1149 1290 1191 dictum
1343 1164 1469 1191 suum
1522 1165 1598 1206 per

190 1234 376 1261 errorem
423 1219 649 1274 duplicem.
713 1218 816 1260 Uno
860 1217 988 1259 modo
1020 1217 1190 1259 inducit
1222 1218 1476 1260 Doctrinale
1518 1233 1596 1274 pro

193 1291 377 1330 auctore.
441 1287 628 1343 Magnus
659 1301 777 1328 error
807 1290 882 1336 est,
917 1286 1018 1341 quia
1060 1300 1285 1341 nunquam
1318 1286 1402 1328 suit
1439 1287 1597 1342 dignus

193 1356 465 1407 auctoritate,
488 1355 590 1397 licet
621 1355 766 1412 pueris
798 1355 855 1396 sit
886 1355 1010 1396 utilis
1042 1355 1089 1395 in
1120 1355 1349 1410 aliquibus,
1374 1355 1485 1398 sicut
1507 1356 1595 1397 ait:

314 1452 550 1495 “Scribere
583 1452 792 1494 clericulis
823 1466 927 1508 paro
960 1451 1198 1494 doctrinale
1229 1451 1449 1495 novellis.”

192 1548 278 1590 Sed
310 1551 457 1590 tamen
489 1549 535 1590 in
565 1549 645 1590 hoc
675 1548 813 1604 magis
852 1551 966 1590 errat
1004 1549 1118 1603 quod
1150 1549 1304 1590 asserit
1346 1549 1598 1591 Docti-inale

190 1617 302 1658 velle
325 1617 440 1673 quod
472 1617 740 1673 corripiatur,
768 1631 866 1658 cum
887 1620 1035 1658 tamen
1067 1617 1148 1658 hoc
1169 1618 1226 1659 sit
1256 1617 1423 1659 falsum.
1477 1618 1594 1659 Nam

190 1685 297 1727 (licit
328 1700 357 1740 y
389 1700 516 1741 super
536 1685 572 1740 f
595 1685 737 1741 longa,
761 1685 845 1726 nisi
877 1685 1163 1741 compositiva
1194 1685 1323 1741 effus,
1347 1686 1451 1741 quia
1482 1701 1595 1728 com-

191 1753 382 1809 positiva
428 1757 482 1795 ut
528 1752 716 1809 trifidus
767 1753 1114 1811 [corripiuntur]
1179 1753 1238 1796 Et
1285 1755 1381 1796 ideo
1421 1754 1592 1810 gylyplce,

189 1836 285 1863 cum
329 1822 387 1863 sit
428 1821 623 1877 simplex,
656 1821 908 1876 longabitur
948 1822 995 1863 in
1036 1822 1178 1877 prima
1222 1822 1401 1878 syllaba.
1466 1823 1526 1864 Et
1558 1824 1594 1865 si

188 1889 447 1931 naturaliter
491 1894 556 1931 est
598 1890 738 1944 longa,
772 1890 818 1930 in
850 1890 1158 1946 compositione
1202 1905 1291 1932 non
1334 1891 1591 1933 imitabitur.

191 1957 291 1998 Non
329 1971 503 2013 possum
534 1971 611 2013 per
641 1957 815 2012 singula
856 1957 1103 2008 discurrere,
1138 1959 1241 2013 quia
1271 1959 1447 2002 infinita
1478 1963 1591 2009 sunt,

190 2025 238 2066 in
281 2024 438 2080 quibus
481 2025 629 2066 Latini
663 2024 814 2067 Graeca
854 2026 966 2067 male
1010 2029 1272 2069 accentuant
1314 2031 1357 2070 et
1391 2028 1592 2071 Hebraea.

191 2093 414 2135 Secundus
459 2107 580 2135 casus
626 2096 692 2135 est
738 2093 790 2134 de
834 2094 1177 2149 aequivocatione
1219 2096 1430 2147 dictionis,
1480 2097 1593 2139 sicut
1611 2107 1750 2148 2d13-‚in

190 2161 490 2218 Augustinus2
521 2161 692 2203 inducit
742 2163 989 2218 exemplum
1031 2164 1217 2206 secundo
1261 2164 1327 2206 De
1381 2165 1591 2208 Doctrina
1607 2151 1784 2228 ξίᾍζξὲῗ

191 2230 450 2280 Christiana,
485 2230 541 2271 ad
571 2230 843 2286 probandum
875 2231 991 2286 quod
1021 2233 1310 2275 necessarium
1342 2237 1408 2275 est
1431 2234 1589 2276 Latino
1609 2241 1727 2273 words.

188 2299 359 2355 linguas
380 2298 495 2340 scire.
549 2297 669 2340 Dicit
691 2312 790 2354 ergo
808 2314 816 2340 :
843 2298 985 2341 “Non
1006 2303 1071 2342 est
1092 2301 1355 2343 occultatum
1377 2316 1423 2344 os
1445 2317 1589 2344 meum

191 2373 213 2389 “
245 2382 271 2407 a
293 2370 335 2408 te
359 2366 475 2422 quod
496 2366 636 2408 fecisti
667 2366 714 2407 in
736 2365 943 2409 occulto.”
1005 2367 1108 2409 Non
1138 2372 1284 2424 potest
1315 2369 1414 2412 sciri
1446 2386 1502 2412 an
1534 2372 1591 2413 sit

188 2450 246 2485 os,
273 2434 377 2485 oris,
402 2435 473 2477 vel
494 2449 550 2486 08,
575 2434 696 2484 ossis,
733 2435 817 2476 nisi
850 2449 927 2491 per
958 2435 1130 2492 linguas
1161 2437 1331 2493 priores.
1396 2438 1513 2480 Nam
1544 2440 1591 2480 in

189 2503 340 2545 Graeco
377 2506 420 2544 et
458 2502 647 2545 Hebroeo
685 2506 750 2544 est
786 2518 864 2559 pro
907 2518 994 2545 osse
1035 2518 1125 2546 non
1162 2520 1240 2561 pro
1277 2519 1358 2549 ore.
1421 2507 1592 2549 Tertius

187 2586 307 2612 casus
329 2575 394 2613 est
414 2585 545 2627 penes
567 2571 864 2613 diversitatem
885 2576 1062 2615 actuum
1083 2573 1130 2614 in
1151 2574 1351 2629 partibus
1372 2576 1589 2618 orationis.

189 2639 327 2694 Super
357 2654 442 2694 quo
464 2640 739 2695 Augustinus
769 2641 955 2683 secundo
988 2641 1054 2683 De
1092 2641 1306 2684 Doctrina
1329 2643 1587 2694 Christiana,

233 2844 239 2862 ¹
259 2844 393 2887 Reyum]
423 2849 448 2877 l.
466 2846 508 2878 vi.
527 2850 578 2878 32.
864 2849 870 2892 Ι
935 2851 947 2869 ²
964 2850 1180 2893 Auyustinus]
1210 2851 1271 2884 See
1287 2862 1316 2893 p.
1336 2856 1408 2884 351.
