1964 3259
729 255 962 288 APPENDIX
995 259 1041 288 11.
1503 248 1586 288 565

192 375 346 420 oratur,
379 375 424 413 et
453 372 636 413 liberum
682 372 869 413 hominis
913 373 1142 414 arbitrium
1176 377 1349 414 strenue
1381 373 1587 415 defendit.

195 438 321 490 Quod
368 439 405 479 si
436 440 540 494 quid
584 440 789 481 concessit
830 440 1067 496 astrologis,
1111 441 1191 482 1100
1234 444 1299 481 est
1345 455 1492 492 unum,
1537 444 1589 482 ut

194 506 301 547 velit
347 507 583 563 astrologos
629 507 827 548 divinare
871 508 1045 562 quidem
1089 523 1211 564 posse
1255 508 1433 549 effectus
1479 509 1587 559 illos,

194 589 300 629 quos
331 575 418 615 suis
450 575 495 615 in
526 575 664 617 causis
696 575 937 627 cernimus3
980 580 1026 617 at
1057 590 1161 618 vero
1202 590 1290 617 non
1340 589 1462 631 posse
1494 575 1589 617 illos

194 656 457 696 praenoscere
490 644 564 698 qui
586 643 723 684 solum
744 644 1093 699 contemplantur
1123 644 1171 684 in
1202 643 1360 699 seipsis.
1410 643 1589 684 Generis

194 709 323 763 hujus
366 712 469 751 sunt
512 724 562 751 ea
622 725 718 764 quae
764 710 876 751 Baco
924 714 1230 752 commemorat
1271 710 1448 751 laudato
1494 710 1587 765 jam

193 776 296 825 loco,
345 780 389 818 et
440 792 536 832 quae
589 778 769 818 minime
822 777 1135 818 animadvertit
1186 791 1343 818 censor.
1426 778 1588 818 Annon

193 843 375 893 dixerat,
409 844 672 899 astrologum
705 858 758 884 ex
791 844 930 884 natali
975 844 1043 885 die
1090 845 1321 899 praedicere
1369 859 1490 899 posse
1534 844 1587 886 dc

194 911 406 952 omnibus
434 910 741 962 naturalibus,
766 910 884 952 sicut
916 911 968 953 (Ζο
1000 911 1358 967 &firmitatibus
1392 916 1430 954 et
1461 912 1588 954 semo:-

194 982 290 1029 tate,
335 982 372 1020 ez?
412 977 688 1033 hujusmodi,
726 978 1089 1035 quandocunque
1131 979 1285 1021 debent
1318 979 1517 1022 accidere
1551 985 1588 1022 et

193 1045 390 1102 qualiter
440 1045 720 1088 terminari?
802 1046 864 1086 Hi
915 1061 1041 1102 porro
1094 1047 1270 1088 effectus
1316 1062 1370 1089 ex
1416 1047 1585 1088 illorum

193 1118 296 1155 sunt
338 1129 528 1163 numero,
564 1114 648 1169 qui,
694 1117 745 1154 ut
792 1118 938 1155 monet
969 1115 1177 1170 Aquinas,
1210 1115 1310 1156 licet
1340 1115 1588 1166 necessario,

194 1196 241 1222 ac
288 1185 495 1237 perpetuo
539 1196 628 1223 non
670 1182 879 1232 oriantur,
921 1185 972 1223 ut
1017 1183 1254 1238 plurimum
1297 1187 1445 1224 tamen
1492 1198 1592 1225 eve-

194 1249 333 1290 niunt.
388 1249 447 1291 Et
477 1264 531 1290 110
562 1249 658 1304 quis
691 1249 865 1290 dubitet
887 1249 1102 1291 Baconem
1134 1250 1248 1291 hisce
1280 1251 1332 1292 de
1366 1251 1590 1293 effectibus

193 1317 385 1358 locutum
428 1316 567 1366 fuisse,
621 1316 846 1371 adjicimus
892 1317 1113 1372 integrum
1166 1318 1346 1359 Baconis
1398 1319 1592 1359 testimo-

195 1385 328 1434 nium,
383 1386 497 1440 quod
540 1384 745 1425 mutilum
793 1387 836 1425 et
888 1385 1010 1439 quasi
1063 1385 1335 1426 decurtatum
1387 1386 1590 1427 recitavit

194 1467 352 1494 censor.
431 1452 502 1494 Sic
545 1452 706 1493 ibidem
754 1466 850 1493 011111
903 1452 1080 1493 medicis
1116 1453 1418 1508 conqueritur:
1466 1453 1589 1495 “Sed

196 1526 217 1542 ‘⁶
251 1521 406 1562 medici
437 1520 566 1575 hujus
598 1520 805 1575 temporis
850 1521 975 1574 pauci
1017 1520 1160 1561 sciunt
1191 1520 1511 1570 astronomiam,
1545 1525 1590 1562 et

196 1592 218 1608 ‘²
252 1588 348 1629 ideo
379 1603 456 1629 nec
487 1591 683 1629 auctores
716 1601 814 1628 suos
847 1587 976 1628 multi
1014 1588 1268 1643 intelligunt
1299 1603 1377 1629 1100
1408 1592 1593 1643 possunt

195 1659 219 1677 “
250 1655 503 1711 intelligere,
539 1658 583 1696 et
614 1655 709 1696 ideo
742 1655 970 1710 negligunt
998 1655 1221 1696 meliorem
1253 1660 1422 1710 partem
1453 1656 1589 1697 medi-

196 1727 218 1745 “
251 1722 396 1765 cinae.”
478 1722 574 1763 Hoc
636 1737 735 1778 ergo
798 1722 1022 1764 contendit
1074 1723 1199 1772 Baco,
1253 1727 1304 1764 ut
1364 1724 1589 1765 medicina:

194 1791 333 1831 cultor
376 1790 650 1831 astronomiae
697 1790 882 1838 studeat,
929 1804 1015 1844 qua
1059 1789 1285 1831 hominum
1332 1791 1508 1831 morbos
1545 1796 1589 1832 et

195 1858 427 1899 sanitatem
460 1872 515 1898 ex
547 1858 601 1898 iis
633 1872 742 1911 quze,
767 1871 863 1897 cum
896 1857 942 1897 in
974 1857 1093 1906 00010,
1127 1862 1222 1898 tum
1256 1858 1301 1898 in
1333 1862 1431 1899 ae'rc
1462 1858 1588 1907 fiunt,

195 1925 402 1980 conjicere
434 1924 579 1980 possit.
644 1924 768 1964 Nihil
815 1925 894 1965 hoc
941 1925 1262 1979 superstitionis
1306 1925 1507 1976 involvit,
1541 1941 1590 1967 00

196 1994 313 2047 quod
345 1992 538 2033 humana
579 2005 756 2047 corpora
790 1994 1005 2032 astrorum
1052 1992 1244 2033 motibus
1291 1992 1590 2048 subjiciantur.

195 2061 317 2110 Vide,
351 2061 387 2101 si
418 2061 496 2110 vis,
531 2073 627 2114 quae
660 2059 712 2100 de
744 2073 789 2100 re
821 2059 900 2100 hac
933 2059 1137 2100 disseruit
1168 2060 1374 2115 Aquinas.

255 2128 298 2169 N
302 2143 347 2170 00
387 2131 597 2184 praeterea
642 2126 817 2168 dubitat
862 2126 987 2177 Baco,
1022 2127 1127 2181 quin
1180 2130 1452 2168 astronomus
1495 2142 1590 2183 cog-

195 2200 343 2238 noscat
387 2210 437 2237 ea
467 2210 564 2251 quae
595 2195 728 2236 libere
771 2194 926 2236 facturi
974 2194 1137 2236 simus:
1181 2209 1270 2236 non
1314 2195 1430 2250 quod
1461 2196 1590 2236 istam

195 2264 512 2306 divinationem
585 2266 802 2318 acceptam
865 2261 1023 2303 referat
1094 2262 1233 2313 astris,
1296 2262 1371 2304 sed
1430 2266 1591 2306 nostrae

195 2332 494 2388 complexioni,
563 2330 684 2386 cujus
756 2330 1003 2385 frequentes
1070 2333 1214 2371 motus
1281 2330 1398 2371 haud
1461 2331 1593 2372 inviti

194 2399 502 2455 prosequimur.
577 2398 636 2439 Et
677 2412 785 2447 cum,
832 2397 1052 2439 subnectit
1095 2397 1268 2447 ibidem,
1318 2404 1339 2419 “
1357 2398 1592 2439 seeundum

196 2473 218 2489 “
251 2467 576 2523 complexiones,
630 2465 918 2514 infirmitates,
982 2468 1026 2506 et
1087 2465 1307 2516 sanitates,
1367 2466 1593 2507 varientur

195 2539 219 2557 “
250 2535 498 2576 voluntates
534 2534 772 2585 hominum,
805 2536 850 2574 et
882 2532 1104 2583 desideria,
1139 2535 1184 2572 et
1216 2532 1591 2581 considerationes,

196 2607 217 2625 “
249 2603 350 2643 licet
381 2616 469 2642 non
500 2604 719 2657 cogantur,
753 2601 827 2641 sed
859 2600 1029 2641 fortiter
1060 2599 1332 2650 inducantur,
1375 2602 1426 2639 ut
1457 2600 1594 2640 mani-

197 2669 412 2710 “festum
464 2672 541 2719 est,
594 2671 699 2709 tunc
750 2667 940 2722 prudens
1002 2669 1273 2707 astronomus
1334 2670 1478 2720 potest
1538 2667 1593 2708 de

199 2742 221 2758 “
253 2737 422 2778 actibus
453 2736 690 2777 moralibus
727 2733 957 2789 singularis
988 2748 1182 2788 personae
1214 2733 1450 2788 prudenter
1474 2735 1592 2789 judi-

196 2808 221 2826 “
254 2818 359 2854 care,
393 2802 519 2846 salva
551 2807 703 2845 tamn
745 2800 956 2846 omuibus
993 2800 1168 2843 arbitrii
1199 2800 1399 2842 libertate
1417 2800 1460 2842 :''
1497 2816 1591 2843 sex-
