1964 3259
199 260 280 316 V1.]
721 270 834 302 opus
865 268 1077 300 TERTIUM.
1540 259 1592 299 21

195 383 388 425 exterius
439 387 750 440 exspectatur;
795 383 908 424 sicut
959 382 1131 423 utilitas
1182 382 1335 423 domus
1382 395 1470 423 non
1521 398 1594 438 ap-

197 455 322 507 paret
366 452 412 493 in
464 467 522 501 ea,
568 466 646 493 nec
689 451 736 491 in
782 449 876 505 ejus
921 449 1240 505 compositione,
1296 450 1370 490 sed
1423 451 1596 504 quando

196 523 475 574 tempestates
506 520 702 568 veniunt,
735 521 780 559 et
811 518 1010 568 latroneS,
1056 521 1100 558 et
1132 520 1288 559 caetera
1322 517 1597 559 incommoda

196 587 511 642 ingravescunt.
595 587 654 627 Et
705 585 803 626 ideo
854 585 967 626 sicut
1020 584 1177 639 aliquis
1222 585 1426 640 ignorans
1477 586 1596 626 utili-

196 658 311 696 tates
363 655 525 704 domus,
578 654 728 695 volens
781 657 929 694 tamen
994 656 1164 694 tentare
1216 656 1267 694 ut
1318 652 1501 694 fabricet
1552 658 1597 696 et

197 726 436 778 componat>
484 722 570 764 cito
631 721 899 777 gravabitur,
948 724 993 762 et
1057 720 1191 762 taedio
1258 719 1481 771 afficietur,
1552 725 1597 763 et

197 791 392 833 dimittet
454 805 574 847 opus,
640 794 736 833 tum
801 792 978 846 propter
1046 803 1175 845 opera
1240 789 1433 840 taediosa,
1500 792 1597 831 tum

195 861 370 914 propter
431 873 653 914 expensas,
721 862 818 900 tum
889 860 1066 913 propter
1130 857 1246 912 quod
1309 860 1487 912 reputat
1549 871 1592 898 se

193 930 364 982 tempus
407 927 607 968 amittere
650 926 686 967 si
717 926 957 967 utilitatem
988 939 1076 967 non
1108 928 1330 980 exspectat
1348 923 1379 975 3¹
1436 925 1496 966 sic
1528 928 1594 966 est

193 993 262 1035 hic
313 995 430 1049 quod
480 994 555 1036 isti
607 994 682 1050 qui
733 993 939 1050 ignorant
989 992 1231 1034 utilitatem
1283 993 1464 1048 alicujus
1514 993 1592 1034 sci-

194 1061 334 1112 entiae,
384 1065 435 1103 ut
481 1062 541 1103 sit
585 1062 847 1118 geometriae,
887 1061 1051 1113 statim,
1093 1061 1176 1102 nisi
1217 1061 1307 1102 sint
1349 1061 1473 1116 pueri
1518 1061 1594 1115 qui

194 1129 430 1186 eoguntur2
462 1144 538 1186 per
565 1130 745 1185 virgam,
766 1129 967 1171 resiliunt
1000 1133 1044 1170 et
1076 1131 1314 1184 tepescunt,
1348 1132 1392 1170 et
1422 1128 1499 1169 vix
1518 1143 1594 1169 vo-

193 1197 292 1239 lunt
322 1200 410 1239 tres
431 1198 502 1239 vel
533 1201 720 1252 qua-tuor
751 1196 1065 1253 propositiones
1096 1197 1210 1237 scire.
1265 1196 1396 1238 Unde
1428 1210 1482 1236 ex
1515 1197 1595 1237 hoc

194 1265 351 1307 accidit
412 1265 528 1320 quod
587 1265 742 1320 quinta
792 1264 1030 1320 propositio
1086 1263 1336 1319 geometriae
1399 1263 1593 1305 Euclidis

196 1331 379 1374 dieitur3
409 1331 614 1388 Elefuya,
649 1332 695 1373 id
728 1336 803 1383 est,
836 1332 942 1388 fuga
972 1332 1253 1383 miserorun13
1301 1330 1441 1386 αἰθρία
1477 1331 1593 1372 enim

197 1399 344 1441 Graece
379 1400 550 1450 dicitur,
587 1400 741 1441 Latine
774 1398 991 1449 ‘miserim
1028 1403 1073 1440 et
1107 1398 1217 1454 elegsi
1249 1403 1353 1440 sunt
1388 1397 1575 1440 miseris*

256 1468 315 1509 Et
345 1466 511 1523 igitur⁵
541 1467 731 1523 cogitavi
764 1467 811 1507 in
841 1467 1109 1523 praeambulo
1152 1470 1345 1508 tractatu
1376 1466 1593 1507 utilitates
1612 1476 1683 1508 One
1694 1478 1802 1518 object

193 1535 474 1590 philosophiae
505 1535 780 1590 praemittere,
803 1538 855 1576 ut
886 1538 990 1576 tunc
1021 1534 1224 1586 scientice,
1258 1548 1355 1588 quae
1386 1534 1594 1576 videntur
1610 1521 1741 1597 ξῖθξὶῗζξθ
1756 1567 1786 1598 is

193 1602 305 1642 nihil
335 1603 491 1654 valere,
525 1606 779 1657 quaerantur
820 1617 917 1643 cum
960 1601 1189 1657 diligentia
1219 1605 1263 1643 et
1293 1601 1471 1643 fervore.
1535 1602 1594 1642 Et
1611 1614 1644 1640 to
1660 1610 1766 1660 shoxy·

194 1674 336 1711 certus
377 1684 473 1711 sum
515 1670 631 1725 quod
667 1670 794 1711 aliter
825 1684 913 1711 non
945 1673 1011 1711 est
1041 1670 1115 1710 via
1146 1670 1202 1710 ad
1233 1669 1593 1711 considerandum
1611 1654 1681 1686 that
1697 1656 1807 1697 ut111ty
1810 1681 1816 1688 ·

193 1738 395 1779 scientias
438 1737 721 1793 philosophiae
765 1737 812 1778 in
855 1737 1109 1792 particulari
1149 1741 1193 1778 et
1225 1738 1272 1778 in
1303 1739 1477 1793 propria
1509 1738 1592 1779 dis-

195 1806 360 1860 ciplina.
416 1806 474 1847 Et
505 1806 601 1847 ideo
625 1805 700 1860 qui
730 1805 845 1846 hunc
876 1808 1114 1846 tractatum
1143 1806 1457 1860 praeambulum
1489 1820 1592 1861 neg-

194 1873 304 1928 ligit,
339 1877 510 1928 oportet
552 1873 667 1927 quod
708 1873 799 1928 ipse
831 1872 1028 1927 desperet
1061 1873 1112 1913 de
1144 1875 1338 1914 tractatu
1381 1873 1593 1927 pleniori3

195 1944 239 1981 et
270 1955 367 1982 cum
400 1955 450 1981 eo
476 1939 569 1994 jam
602 1954 691 1980 non
722 1943 789 1981 est
820 1940 1049 1994 agendum,
1074 1940 1177 1994 quia
1212 1939 1335 1994 jam⁶
1365 1940 1448 1981 viis
1480 1940 1592 1996 sapi-

197 2008 430 2049 entialibus
469 2010 534 2048 est
575 2007 756 2048 rebellis.
822 2006 881 2047 Et
913 2007 993 2048 hoc
1036 2007 1220 2062 probavi
1251 2022 1327 2062 per
1369 2008 1593 2063 experien-

198 2074 305 2116 tiam
336 2075 384 2116 in
415 2074 565 2116 multis
596 2073 802 2129 personis,
842 2074 928 2129 qui,
967 2074 1162 2116 nolentes
1198 2075 1416 2116 utilitates
1458 2075 1593 2116 scien-

195 2141 380 2183 tiarum⁷
415 2146 459 2184 et
490 2142 738 2198 linguarum
786 2142 925 2197 primo
971 2142 1017 2182 in
1049 2141 1264 2183 tractatu8
1309 2143 1592 2195 considerare,

196 2210 497 2266 aggredientes
527 2214 675 2252 tamen
707 2210 898 2252 laborem
941 2209 1133 2265 ipsarum
1166 2210 1456 2259 scientiarum,
1490 2211 1593 2252 defi-

237 2476 246 2494 ¹
264 2473 442 2517 exspectat]
468 2479 645 2515 exspectet,
659 2474 699 2507 T.
927 2479 960 2507 ut
991 2475 1129 2516 probavi
1151 2475 1284 2508 centies.
1322 2476 1375 2514 T„
1403 2478 1468 2509 and
1495 2477 1592 2510 omits

235 2529 248 2547 ²
263 2527 432 2569 coquntur]
459 2530 630 2568 cogantur,
645 2527 684 2559 L.
923 2528 1013 2560 them
1027 2528 1145 2560 below.

236 2581 248 2598 ³
262 2579 395 2622 dicitur]
420 2579 557 2618 dicatur,
573 2579 611 2611 L.
968 2581 980 2597 ⁵
996 2580 1109 2622 iyitur]
1137 2579 1218 2620 ideo,
1236 2580 1275 2614 L.

237 2634 247 2651 ⁴
263 2633 386 2674 miseri]
413 2633 457 2663 Et
471 2642 538 2664 non
561 2636 609 2664 est
623 2632 759 2664 dubium
774 2631 855 2674 quin
968 2633 980 2650 ⁶
993 2633 1164 2674 quiajam]
1192 2634 1259 2674 qui,
1282 2634 1321 2666 L.
1349 2633 1420 2673 jam
1435 2645 1499 2666 om.

193 2684 387 2726 quicunque,
419 2689 707 2726 quantumcunque
738 2685 779 2716 sit
804 2694 853 2716 sa-
968 2683 1148 2716 ⁷utilitcttes
1177 2686 1397 2727 scientiarum]
1436 2687 1588 2719 scientia-

193 2737 294 2777 piens,
321 2736 459 2768 resiliret
485 2747 505 2768 a
531 2737 638 2778 primo
668 2736 751 2768 libro
776 2746 853 2778 geo·
923 2746 997 2768 rum
1013 2737 1179 2776 utilitates,
1194 2737 1233 2769 L.

194 2789 328 2827 metria),
352 2788 416 2821 nisi
442 2788 539 2821 sciret
562 2789 632 2830 ejus
655 2789 829 2821 utilitatem
845 2803 853 2829 ;
965 2790 977 2807 ⁸
987 2790 1093 2831 primo
1109 2790 1142 2822 in
1159 2790 1313 2833 tractatu]
1333 2790 1368 2823 in
1381 2792 1489 2833 primo
1501 2796 1587 2824 trac-

194 2845 226 2872 et
256 2840 303 2874 sic
336 2842 376 2874 de
411 2841 562 2874 omnibus
596 2840 669 2875 aliis
700 2841 853 2880 scientiis,
921 2845 1001 2882 tatu,
1014 2841 1053 2874 L.
