1964 3259
196 280 294 337 xx]
720 289 836 321 opus
866 288 1079 321 TERTIUM.
1541 277 1595 318 63

774 518 878 563 CAP.
901 518 1000 562 XX.

256 648 359 691 NEC
390 648 529 691 solum
565 662 621 689 ex
656 646 735 688 hac
767 661 896 688 causa
938 646 1069 688 mitto
1100 645 1308 688 nuntium
1339 644 1485 698 istum,
1524 645 1599 687 sed
1617 653 1769 705 Hadse3

200 720 250 758 ut
281 719 430 772 pateat
461 715 576 771 quod
618 714 729 756 nihil
772 718 836 756 est
879 713 1051 756 difficile
1092 713 1261 755 homini
1302 713 1503 769 diligenti
1555 716 1599 755 et
1617 699 1807 774 ffiggegshgm

196 783 444 834 confidenti,
476 782 675 838 quamvis
707 782 932 838 negligens
963 785 1040 824 aut
1078 782 1308 838 desperans
1339 796 1366 823 a
1396 796 1440 823 se
1473 795 1598 823 omne
1617 787 1717 827 proof
1730 787 1768 818 of

197 851 313 906 quod
352 851 516 892 bonum
557 854 622 892 est
664 850 866 892 excludit.
931 849 1043 892 Cum
1080 850 1197 891 enim
1233 849 1303 892 hic
1337 849 1599 906 juvenculus
1617 831 1822 907 {ngtcccoossl-cl

196 919 442 975 quindecim
463 933 678 960 annorum
699 918 822 960 venit
853 918 910 960 ad
940 932 1021 968 me,
1045 922 1089 960 et
1119 933 1294 975 pauper,
1317 933 1406 960 non
1435 918 1598 960 habens
1616 920 1745 961 pushed
1762 921 1808 961 by

194 987 310 1028 unde
341 987 520 1038 viveret,
553 1001 631 1030 nec
671 986 901 1042 magistros
942 986 1200 1029 sufficientes
1240 987 1477 1037 inveniens,
1520 1002 1598 1029 nec
1615 965 1708 1040 zhprsee
1717 964 1801 1040 ἔξω

194 1055 426 1098 benevolos
492 1059 670 1111 propter
742 1058 1044 1111 paupertatem
1104 1070 1238 1106 suam,
1308 1069 1387 1098 nec
1452 1055 1598 1112 posuit
1615 1053 1725 1128 lsiroug
1741 1053 1780 1085 of

196 1123 490 1180 quantitatem
520 1123 651 1165 unius
682 1123 785 1165 anni
817 1123 865 1164 in
897 1121 1138 1173 discendo,¹
1174 1138 1224 1165 eo
1256 1124 1371 1179 quod
1402 1124 1598 1180 oportuit
1628 1107 1778 1140 earnmg.

196 1206 295 1234 eum
340 1191 502 1234 servire
554 1191 614 1233 eis
667 1191 742 1247 qui
794 1191 960 1233 dabant
1011 1191 1051 1233 ei
1101 1192 1350 1244 necessaria,
1403 1192 1450 1233 in
1500 1192 1596 1234 his2

197 1274 295 1315 quae
330 1260 484 1302 didicit
516 1274 604 1301 non
646 1259 818 1301 invenit
850 1258 1069 1315 aliquem³
1105 1274 1182 1316 per
1213 1260 1321 1302 duos
1355 1275 1491 1302 annos
1523 1261 1598 1316 qui

200 1328 374 1370 doceret
406 1342 505 1369 eum
536 1342 674 1370 unum
702 1328 899 1378 verbum,
924 1331 968 1369 et
1003 1331 1152 1370 tamen
1187 1329 1268 1370 scit
1298 1332 1367 1370 tot
1398 1332 1442 1370 et
1475 1332 1598 1370 tanta

197 1400 375 1451 propter
424 1396 591 1437 bonum
642 1396 869 1437 consilium
932 1396 1048 1451 quod
1105 1396 1273 1448 habuit,
1327 1400 1371 1438 et
1422 1401 1599 1454 propter

198 1463 278 1505 hoc
329 1463 446 1519 quod
497 1463 690 1519 speravit
733 1467 778 1505 et
831 1463 1018 1519 diligens
1069 1464 1189 1515 fuit3
1244 1468 1410 1520 quanto
1460 1466 1598 1521 magis

197 1546 276 1573 nos
309 1546 443 1584 senes,
481 1531 558 1586 qui
593 1546 742 1573 sumus
780 1532 1007 1574 exercitati
1040 1524 1088 1572 in
1125 1532 1350 1588 sapientia,
1394 1534 1431 1575 si
1462 1534 1597 1575 consi-

198 1600 395 1641 deremus
437 1602 481 1641 et
523 1599 753 1655 diligentes
795 1598 939 1648 simus,
979 1599 1203 1641 vincemus
1245 1601 1400 1643 omnia.
1470 1601 1597 1644 Certe

197 1682 286 1709 non
320 1670 385 1709 est
415 1667 706 1723 comparatio:
746 1666 849 1722 quia
889 1667 1147 1710 Aristoteles
1189 1669 1297 1710 dicit
1327 1669 1374 1711 in
1415 1670 1601 1727 septimo

198 1734 498 1787 Ε1311160111111,4
551 1734 668 1791 quod
718 1734 905 1791 juvenes
946 1750 1036 1777 non
1080 1740 1263 1793 possunt
1299 1738 1505 1794 proficere
1555 1740 1603 1780 in

198 1803 509 1859 sapientalibus
546 1803 657 1845 sicut
697 1803 901 1855 seniores,
933 1804 1036 1859 quia
1076 1819 1165 1846 non
1202 1809 1305 1846 sunt
1346 1808 1603 1862 prudentes;

197 1874 243 1913 et
273 1886 445 1913 causam
476 1886 607 1927 quare
638 1885 726 1912 non
758 1874 861 1912 sunt
891 1872 1126 1926 prudentes
1157 1873 1359 1929 assignat,
1383 1875 1485 1929 quia
1515 1891 1604 1917 non

198 1943 302 1981 sunt
338 1939 505 1994 experti
541 1953 618 1994 per
653 1939 971 1994 longitudinem
1012 1940 1230 1996 temporis.
1294 1941 1354 1983 Et
1394 1942 1441 1982 in
1473 1944 1602 1984 tertio

201 2007 269 2048 De
314 2007 477 2047 Anima
525 2006 631 2047 dicit
683 2006 786 2061 quia
847 2006 1093 2048 intellectus
1148 2012 1295 2050 noster
1343 2010 1603 2053 convalescit

199 2077 244 2116 et
285 2074 545 2116 fortificatur
580 2088 656 2129 per
692 2073 1048 2116 exercitationem
1088 2075 1345 2128 intellectus5
1379 2081 1424 2120 et
1464 2079 1602 2135 magis

201 2157 250 2184 ac
300 2142 438 2198 magis
489 2141 724 2198 vigoratus.
828 2142 888 2183 Et
938 2142 1035 2184 ideo
1086 2143 1331 2186 intellectus
1383 2147 1601 2188 seniorum

202 2210 340 2266 magis
372 2208 447 2251 et5
477 2209 616 2266 magis
653 2209 916 2252 fortificatur
948 2214 1125 2267 propter
1160 2215 1516 2257 consuetudinem
1558 2219 1603 2258 et

200 2292 328 2319 usum
379 2277 640 2334 sapientiae3
703 2278 814 2320 sicut
864 2278 993 2320 homo
1035 2284 1264 2322 consuetus
1315 2282 1370 2323 ad
1410 2284 1602 2339 aliquam

201 2346 494 2402 operationem
522 2346 691 2388 facilius
722 2346 850 2388 faciet
884 2361 990 2398 eam,
1015 2362 1146 2403 quam
1177 2349 1289 2392 alius
1311 2351 1387 2406 qui
1417 2367 1506 2394 non
1537 2357 1603 2395 est

201 2417 410 2456 assuetus.

252 2481 312 2523 Et
334 2482 497 2524 Beatus
525 2481 692 2532 Petrus,
726 2482 848 2539 cujus
869 2482 974 2524 estis
1006 2498 1230 2537 successor,
1254 2486 1481 2542 disputans
1503 2503 1602 2530 con-
1622 2495 1695 2527 The
1713 2495 1768 2527 old

202 2554 271 2592 tra
313 2550 533 2593 Simonem
564 2550 744 2608 Magum
785 2551 996 2607 arguebat
1036 2551 1414 2597 immortalitatem
1445 2557 1602 2600 animae
1620 2549 1826 2617 fflffifuffifie‘

249 2762 257 2782 ¹
276 2762 440 2805 discendo]
460 2762 667 2802 addiscendo,
683 2763 722 2795 B.
740 2762 785 2796 U.
975 2764 986 2782 ⁴¹
1001 2765 1132 2806 septimo
1158 2764 1367 2809 Ethicorum]
1399 2767 1444 2801 vi.
1473 2772 1503 2802 8.
1530 2769 1597 2813 (ἲ).

250 2815 263 2834 ²
279 2816 312 2846 in
328 2815 395 2858 his]
422 2826 487 2848 om.
512 2816 554 2848 Τ.
931 2816 993 2849 See
1009 2817 1079 2849 also
1096 2817 1116 2849 i.
1134 2821 1165 2849 3.

250 2869 263 2886 ³
278 2866 429 2911 aliquem]
456 2868 645 2910 aliquando,
669 2868 711 2902 Τ.
974 2870 985 2887 ⁵
1002 2869 1049 2911 et]
1078 2879 1127 2909 ae,
1153 2870 1193 2903 T.
