1964 3259
144 2302 263 2337 Silver.

370 270 454 315 376
879 279 1051 311 ROGERI
1083 278 1278 311 BAcoms

369 397 504 439 tionis
545 397 637 439 sine
668 396 779 438 calce
811 399 856 438 et
887 396 1121 447 ablutione,
1156 395 1262 438 scies
1293 395 1410 452 quod
1441 398 1507 438 est
1539 395 1592 438 de
1622 395 1778 452 magis-

370 466 480 507 terio
511 479 625 507 vero.
687 465 747 506 Et
788 465 1009 507 descendit
1040 466 1096 506 ad
1127 465 1277 507 modos
1307 465 1403 506 auri
1434 465 1487 507 de
1519 464 1781 520 magisterio,

373 537 424 575 ut
465 533 626 575 sciatur
668 533 790 588 cujus
831 534 889 574 sit
931 549 1085 575 aurum
1128 530 1349 575 ablatum.¹
1436 532 1523 574 Sed
1565 532 1627 574 ibi
1664 532 1778 574 fiunt

373 602 509 644 verba
549 601 726 657 propria
768 600 1060 657 alkymistica,
1104 616 1181 643 nec
1233 604 1413 657 possunt
1454 600 1553 643 sciri
1605 601 1691 642 nisi
1732 600 1779 642 in

372 670 530 712 ultima
560 673 686 725 parte
718 672 947 711 tractatus.

433 738 500 779 De
551 737 643 779 loco
690 752 793 780 vero
840 737 1134 794 generationis
1187 737 1282 780 auri
1328 735 1542 779 naturalis
1584 735 1779 792 loquitur

373 806 541 847 Plinius
572 806 737 847 xxxiiio
770 806 881 862 [21]
927 805 1038 847 libro
1088 806 1383 848 Naturalium.
1446 805 1618 847 Aurum
1662 805 1778 846 enim

370 874 418 915 in
449 875 590 916 tribus
621 874 724 916 locis
771 874 1027 925 invenitur3
1072 874 1235 916 scilicet
1266 875 1314 915 in
1345 873 1555 916 ramentis
1587 876 1630 915 et
1662 873 1779 915 inter

370 943 540 998 lapillos
586 943 830 992 fluminum,
879 946 969 984 “ut
1016 942 1063 983 in
1111 943 1229 999 Tago
1278 942 1516 999 Hispaniae,
1562 941 1610 983 in
1657 941 1777 983 Pado

372 1015 394 1032 ‘⁶
429 1011 585 1061 Italiae,
629 1010 746 1052 Ebro
779 1009 985 1059 Thraciae,
1031 1010 1207 1052 Pactolo
1249 1010 1383 1062 Asiae,
1428 1010 1581 1066 Gange
1623 1009 1776 1051 Indiae.

370 1082 394 1100 “
426 1079 471 1120 N
474 1093 520 1120 ec
561 1078 701 1119 ullum
743 1077 985 1119 absolutius
1029 1093 1184 1119 aurum
1226 1081 1303 1129 est,
1337 1079 1440 1133 quia
1481 1092 1609 1120 cursu
1650 1093 1777 1133 aquae

374 1150 396 1168 “
428 1150 473 1188 et
514 1160 613 1188 cum
649 1145 878 1187 fricatione
919 1146 1171 1202 perpolitur.
1234 1146 1337 1188 Alio
1378 1147 1506 1187 inodo
1548 1150 1777 1202 puteorum

372 1220 395 1236 “
427 1214 648 1257 scrobibus
696 1215 914 1264 effoditur,
949 1218 1027 1256 aut
1071 1215 1118 1255 in
1164 1214 1293 1255 ruina
1338 1214 1567 1256 montium.
1639 1214 1776 1255 Aliud

372 1290 394 1304 ‘⁶
425 1283 473 1325 in
505 1298 674 1324 summa
705 1286 750 1325 et
780 1283 913 1339 plana
944 1282 1117 1324 telluris
1148 1297 1248 1324 rara
1289 1281 1497 1324 felicitate
1514 1298 1524 1333 3
1556 1284 1608 1323 ut
1639 1296 1778 1337 nuper

372 1359 394 1374 “
426 1352 473 1393 in
506 1352 731 1394 Dalmatia
761 1352 1010 1408 principatu
1043 1351 1232 1394 Neronis
1262 1351 1448 1407 singulis
1479 1351 1632 1393 diebus
1654 1351 1778 1406 quin-

371 1426 394 1444 “
427 1435 646 1477 quagenas
677 1420 812 1462 libras
843 1420 1031 1462 fundens
1073 1454 1081 1462 .
1145 1452 1156 1462 .
1219 1455 1229 1464 .
1291 1454 1298 1462 .
1342 1434 1510 1461 summo
1543 1419 1776 1475 cespite.''²

430 1556 540 1598 Haec
583 1555 721 1611 igitur
768 1555 885 1596 dicta
915 1557 1020 1596 sunt
1062 1555 1115 1596 de
1147 1569 1253 1596 auro
1291 1554 1328 1595 si
1360 1556 1429 1595 tot
1475 1553 1683 1595 deberent
1724 1552 1777 1594 de

367 1691 619 1733 excederem
661 1693 801 1732 metas
843 1691 970 1732 istius
1011 1689 1312 1746 persuasionis,
1356 1703 1434 1730 nec
1474 1691 1545 1730 tot
1577 1691 1680 1729 sunt
1712 1688 1775 1729 di—

366 1760 501 1801 cenda
533 1760 585 1800 de
617 1758 763 1814 aliquo
795 1758 893 1809 alio,
927 1757 1040 1800 sicut
1063 1758 1115 1799 de
1149 1772 1264 1808 auro,
1289 1760 1467 1813 propter
1499 1756 1590 1812 ejus
1621 1756 1776 1798 nobili-

366 1830 504 1869 tatem
536 1842 624 1869 non
657 1826 797 1867 solum
834 1827 882 1867 in
913 1826 1259 1868 consideratione
1301 1825 1492 1881 physica,
1527 1825 1602 1866 sed
1644 1825 1776 1866 etiam

367 1896 413 1936 in
446 1895 677 1950 theologia,
712 1895 816 1950 quia
848 1894 1010 1950 pluries
1041 1895 1087 1935 in
1120 1893 1350 1950 Scriptura
1396 1897 1441 1935 et
1489 1893 1535 1934 in
1577 1892 1777 1948 pluribus

367 1967 411 2005 et
462 1963 751 2006 nobilioribus
804 1963 1000 2004 sensibus
1052 1963 1207 2018 gratiae
1255 1965 1300 2003 et
1351 1961 1500 2018 gloriae
1548 1961 1774 2016 reperitur,

367 2047 499 2087 quam
530 2032 677 2073 omnia
708 2031 794 2073 alia
825 2031 1012 2073 metalla.
1078 2031 1146 2072 Ne
1168 2033 1319 2072 tamen
1340 2030 1609 2086 negligentia
1630 2029 1778 2085 aliqua

369 2101 573 2141 omittam
610 2101 903 2156 perstringam
946 2099 1124 2141 brevius
1167 2103 1372 2141 naturam
1403 2102 1448 2140 et
1488 2099 1777 2155 proprietates

368 2183 517 2210 eorum
550 2182 775 2224 usquequo
823 2168 1018 2223 scriptas.
1084 2167 1225 2224 Super
1260 2167 1327 2209 his
1371 2167 1620 2223 requiratur
1660 2167 1778 2223 prin-

366 2236 488 2292 cipiis
529 2271 537 2278 .
580 2270 587 2277 .
632 2271 639 2278 .

428 2304 533 2345 Post
565 2319 720 2345 aurum
757 2304 975 2359 dignitate
1020 2306 1086 2346 est
1129 2307 1372 2360 argentum,
1407 2303 1522 2359 quod
1567 2317 1620 2344 ex
1663 2317 1775 2345 com-

367 2372 569 2427 plexione
601 2372 854 2413 elementari
895 2375 960 2413 est
995 2371 1203 2427 frigidum
1236 2375 1280 2413 et
1311 2371 1555 2422 humidum,
1586 2375 1638 2412 ut
1670 2371 1778 2412 dicit

367 2440 595 2481 Avicenna
632 2440 785 2493 quinto
829 2439 896 2480 De
928 2439 1144 2489 Materia3
1187 2442 1231 2481 et
1274 2440 1320 2479 in
1363 2439 1474 2480 libro
1517 2439 1583 2480 De
1617 2438 1776 2495 Corpo-

365 2508 486 2549 ribus
523 2510 567 2548 et
600 2506 839 2562 Spiritibus
871 2505 1032 2548 dicitur
1067 2507 1175 2548 illud
1219 2506 1345 2548 idem.
1418 2505 1534 2548 Nam
1571 2521 1627 2548 ex
1664 2522 1776 2549 com-

365 2575 579 2632 positione
623 2574 793 2632 argenti
839 2574 933 2616 vivi
965 2577 1009 2616 et
1057 2574 1275 2631 sulphuris
1306 2575 1353 2616 in
1394 2589 1443 2616 eo
1487 2574 1623 2616 habet
1665 2575 1774 2616 mul-

410 2776 594 2818 ¹ablatum]
622 2777 767 2808 oblatum
780 2777 829 2817 (P)
1104 2786 1202 2808 rence
1240 2781 1274 2809 to
1311 2776 1414 2818 Pliny
1438 2776 1507 2808 will
1546 2776 1680 2817 explain
1720 2775 1776 2808 the

410 2830 423 2847 ²
438 2840 553 2860 summo
569 2829 702 2871 cespite]
732 2829 840 2861 These
864 2830 982 2867 words,
1001 2840 1035 2861 as
1104 2830 1246 2861 blunder
1269 2830 1308 2861 of
1336 2830 1391 2861 the
1418 2829 1629 2869 transcriber,
1654 2830 1700 2871 by
1730 2839 1774 2860 no

367 2885 447 2927 they
463 2885 570 2925 stand,
585 2885 670 2919 have
695 2895 738 2918 110
763 2895 866 2919 sense.
902 2884 937 2918 A
952 2885 1036 2919 refc-
1105 2893 1218 2916 means
1235 2893 1254 2915 a
1270 2883 1406 2925 solitary
1422 2882 1580 2915 instance.
