<?xml version="1.0" encoding="UTF-8"?>
<!DOCTYPE html PUBLIC "-//W3C//DTD XHTML 1.0 Transitional//EN"
    "http://www.w3.org/TR/xhtml1/DTD/xhtml1-transitional.dtd">
<html xmlns="http://www.w3.org/1999/xhtml" xml:lang="en" lang="en">
 <head>
  <title>
</title>
<meta http-equiv="Content-Type" content="text/html;charset=utf-8" />
  <meta name='ocr-system' content='tesseract 3.04.00' />
  <meta name='ocr-capabilities' content='ocr_page ocr_carea ocr_par ocr_line ocrx_word'/>
</head>
<body>
  <div class='ocr_page' id='page_1' title='image "./frrogeribaconope00baco_0541.png"; bbox 0 0 1964 3259; ppageno 0'>
   <div class='ocr_carea' id='block_1_1' title="bbox 191 257 1588 316">
    <p class='ocr_par' dir='ltr' id='par_1_1' title="bbox 191 257 1588 316">
     <span class='ocr_line' id='line_1_1' title="bbox 191 257 1588 316; baseline 0 -14"><span class='ocrx_word' id='word_1_1' title='bbox 191 261 252 316; x_wconf 86' lang='lat' dir='ltr'>v.]</span> <span class='ocrx_word' id='word_1_2' title='bbox 635 270 940 302; x_wconf 77' lang='lat' dir='ltr'>COMPENDIUM</span> <span class='ocrx_word' id='word_1_3' title='bbox 973 270 1140 301; x_wconf 84' lang='lat' dir='ltr'><strong>STUDH.</strong></span> <span class='ocrx_word' id='word_1_4' title='bbox 1501 257 1588 302; x_wconf 74' lang='lat'>427</span> 
     </span>
    </p>
   </div>
   <div class='ocr_carea' id='block_1_2' title="bbox 186 384 1799 2898">
    <p class='ocr_par' dir='ltr' id='par_1_2' title="bbox 186 384 1799 2898">
     <span class='ocr_line' id='line_1_2' title="bbox 188 384 1590 444; baseline -0.002 -16"><span class='ocrx_word' id='word_1_5' title='bbox 188 388 468 443; x_wconf 70' lang='lat' dir='ltr'>temporibus,</span> <span class='ocrx_word' id='word_1_6' title='bbox 501 392 553 430; x_wconf 88' lang='lat' dir='ltr'>ut</span> <span class='ocrx_word' id='word_1_7' title='bbox 583 389 703 444; x_wconf 83' lang='lat' dir='ltr'>prius</span> <span class='ocrx_word' id='word_1_8' title='bbox 734 403 810 443; x_wconf 84' lang='lat' dir='ltr'>per</span> <span class='ocrx_word' id='word_1_9' title='bbox 840 387 1034 442; x_wconf 79' lang='lat' dir='ltr'>singulos</span> <span class='ocrx_word' id='word_1_10' title='bbox 1069 385 1372 428; x_wconf 73' lang='lat' dir='ltr'>discurrebam.</span> <span class='ocrx_word' id='word_1_11' title='bbox 1422 384 1590 426; x_wconf 87' lang='lat' dir='ltr'>Deinde</span> 
     </span>
     <span class='ocr_line' id='line_1_3' title="bbox 189 453 1592 511; baseline -0.002 -15"><span class='ocrx_word' id='word_1_12' title='bbox 189 456 329 497; x_wconf 88' lang='lat' dir='ltr'>multa</span> <span class='ocrx_word' id='word_1_13' title='bbox 372 459 476 497; x_wconf 88' lang='lat' dir='ltr'>sunt</span> <span class='ocrx_word' id='word_1_14' title='bbox 522 456 677 506; x_wconf 78' lang='lat' dir='ltr'><strong>facilia,</strong></span> <span class='ocrx_word' id='word_1_15' title='bbox 727 469 824 511; x_wconf 82' lang='lat' dir='ltr'>quae</span> <span class='ocrx_word' id='word_1_16' title='bbox 861 458 964 496; x_wconf 87' lang='lat' dir='ltr'>sunt</span> <span class='ocrx_word' id='word_1_17' title='bbox 1002 454 1056 496; x_wconf 90' lang='lat' dir='ltr'>de</span> <span class='ocrx_word' id='word_1_18' title='bbox 1102 454 1295 495; x_wconf 87' lang='lat' dir='ltr'>humana</span> <span class='ocrx_word' id='word_1_19' title='bbox 1341 453 1491 502; x_wconf 86' lang='lat' dir='ltr'>salute,</span> <span class='ocrx_word' id='word_1_20' title='bbox 1539 456 1592 493; x_wconf 90' lang='lat' dir='ltr'>ut</span> 
     </span>
     <span class='ocr_line' id='line_1_4' title="bbox 188 520 1592 580; baseline -0.002 -15"><span class='ocrx_word' id='word_1_21' title='bbox 188 524 482 580; x_wconf 83' lang='lat' dir='ltr'>apprehensus</span> <span class='ocrx_word' id='word_1_22' title='bbox 512 524 733 566; x_wconf 84' lang='lat' dir='ltr'>virtutum</span> <span class='ocrx_word' id='word_1_23' title='bbox 780 526 824 564; x_wconf 83' lang='lat' dir='ltr'>et</span> <span class='ocrx_word' id='word_1_24' title='bbox 865 523 1088 574; x_wconf 89' lang='lat' dir='ltr'>vitiorum,</span> <span class='ocrx_word' id='word_1_25' title='bbox 1133 522 1273 578; x_wconf 87' lang='lat' dir='ltr'>gloria</span> <span class='ocrx_word' id='word_1_26' title='bbox 1315 520 1503 563; x_wconf 86' lang='lat' dir='ltr'>coelestis</span> <span class='ocrx_word' id='word_1_27' title='bbox 1547 523 1592 562; x_wconf 87' lang='lat' dir='ltr'>et</span> 
     </span>
     <span class='ocr_line' id='line_1_5' title="bbox 188 589 1591 649; baseline -0.003 -15"><span class='ocrx_word' id='word_1_28' title='bbox 188 606 319 647; x_wconf 85' lang='lat' dir='ltr'>poena</span> <span class='ocrx_word' id='word_1_29' title='bbox 364 592 605 649; x_wconf 87' lang='lat' dir='ltr'>purgatorii</span> <span class='ocrx_word' id='word_1_30' title='bbox 651 595 696 633; x_wconf 86' lang='lat' dir='ltr'>et</span> <span class='ocrx_word' id='word_1_31' title='bbox 738 591 993 643; x_wconf 82' lang='lat' dir='ltr'>infernalis;</span> <span class='ocrx_word' id='word_1_32' title='bbox 1029 591 1082 632; x_wconf 89' lang='lat' dir='ltr'>de</span> <span class='ocrx_word' id='word_1_33' title='bbox 1115 591 1274 646; x_wconf 88' lang='lat' dir='ltr'>quibus</span> <span class='ocrx_word' id='word_1_34' title='bbox 1319 605 1409 632; x_wconf 93' lang='lat' dir='ltr'>non</span> <span class='ocrx_word' id='word_1_35' title='bbox 1452 589 1591 631; x_wconf 87' lang='lat' dir='ltr'>solum</span> 
     </span>
     <span class='ocr_line' id='line_1_6' title="bbox 188 657 1593 716; baseline -0.002 -15"><span class='ocrx_word' id='word_1_36' title='bbox 188 660 388 716; x_wconf 75' lang='lat' dir='ltr'>religiosi,</span> <span class='ocrx_word' id='word_1_37' title='bbox 435 663 486 702; x_wconf 90' lang='lat' dir='ltr'>ut</span> <span class='ocrx_word' id='word_1_38' title='bbox 528 660 733 716; x_wconf 88' lang='lat' dir='ltr'>theologi,</span> <span class='ocrx_word' id='word_1_39' title='bbox 772 659 848 701; x_wconf 87' lang='lat' dir='ltr'>sed</span> <span class='ocrx_word' id='word_1_40' title='bbox 901 674 1050 701; x_wconf 83' lang='lat' dir='ltr'>omnes</span> <span class='ocrx_word' id='word_1_41' title='bbox 1102 658 1258 709; x_wconf 89' lang='lat' dir='ltr'>clerici,</span> <span class='ocrx_word' id='word_1_42' title='bbox 1302 662 1347 700; x_wconf 89' lang='lat' dir='ltr'>et</span> <span class='ocrx_word' id='word_1_43' title='bbox 1397 657 1507 707; x_wconf 65' lang='lat' dir='ltr'>laici,</span> <span class='ocrx_word' id='word_1_44' title='bbox 1548 660 1593 698; x_wconf 90' lang='lat' dir='ltr'>et</span> 
     </span>
     <span class='ocr_line' id='line_1_7' title="bbox 189 724 1593 779; baseline -0.003 -9"><span class='ocrx_word' id='word_1_45' title='bbox 189 729 349 770; x_wconf 81' lang='lat' dir='ltr'>vetulae</span> <span class='ocrx_word' id='word_1_46' title='bbox 382 729 526 770; x_wconf 88' lang='lat' dir='ltr'>sciunt</span> <span class='ocrx_word' id='word_1_47' title='bbox 557 729 708 771; x_wconf 88' lang='lat' dir='ltr'>multa.</span> <span class='ocrx_word' id='word_1_48' title='bbox 788 727 986 779; x_wconf 80' lang='lat' dir='ltr'>Quilibet</span> <span class='ocrx_word' id='word_1_49' title='bbox 1031 727 1147 769; x_wconf 86' lang='lat' dir='ltr'>enim</span> <span class='ocrx_word' id='word_1_50' title='bbox 1194 726 1324 768; x_wconf 89' lang='lat' dir='ltr'>homo</span> <span class='ocrx_word' id='word_1_51' title='bbox 1368 725 1502 767; x_wconf 87' lang='lat' dir='ltr'>habet</span> <span class='ocrx_word' id='word_1_52' title='bbox 1545 724 1593 766; x_wconf 88' lang='lat' dir='ltr'>in</span> 
     </span>
     <span class='ocr_line' id='line_1_8' title="bbox 189 794 1593 852; baseline -0.003 -14"><span class='ocrx_word' id='word_1_53' title='bbox 189 797 316 838; x_wconf 90' lang='lat' dir='ltr'>corde</span> <span class='ocrx_word' id='word_1_54' title='bbox 368 811 444 838; x_wconf 85' lang='lat' dir='ltr'>suo</span> <span class='ocrx_word' id='word_1_55' title='bbox 476 811 616 838; x_wconf 89' lang='lat' dir='ltr'>unum</span> <span class='ocrx_word' id='word_1_56' title='bbox 652 811 862 852; x_wconf 86' lang='lat' dir='ltr'>magnum</span> <span class='ocrx_word' id='word_1_57' title='bbox 894 796 1058 837; x_wconf 87' lang='lat' dir='ltr'>librum</span> <span class='ocrx_word' id='word_1_58' title='bbox 1098 795 1151 837; x_wconf 88' lang='lat' dir='ltr'>de</span> <span class='ocrx_word' id='word_1_59' title='bbox 1182 794 1306 836; x_wconf 85' lang='lat' dir='ltr'>vitiis</span> <span class='ocrx_word' id='word_1_60' title='bbox 1339 808 1436 849; x_wconf 83' lang='lat' dir='ltr'>quae</span> <span class='ocrx_word' id='word_1_61' title='bbox 1479 808 1593 836; x_wconf 88' lang='lat' dir='ltr'>com-</span> 
     </span>
     <span class='ocr_line' id='line_1_9' title="bbox 188 861 1594 920; baseline -0.002 -15"><span class='ocrx_word' id='word_1_62' title='bbox 188 865 328 906; x_wconf 85' lang='lat' dir='ltr'>mittit</span> <span class='ocrx_word' id='word_1_63' title='bbox 369 880 395 906; x_wconf 88' lang='lat' dir='ltr'>a</span> <span class='ocrx_word' id='word_1_64' title='bbox 431 865 680 920; x_wconf 83' lang='lat' dir='ltr'>juventute,</span> <span class='ocrx_word' id='word_1_65' title='bbox 730 867 775 905; x_wconf 86' lang='lat' dir='ltr'>et</span> <span class='ocrx_word' id='word_1_66' title='bbox 822 878 919 919; x_wconf 73' lang='lat' dir='ltr'>quae</span> <span class='ocrx_word' id='word_1_67' title='bbox 965 864 1089 906; x_wconf 79' lang='lat' dir='ltr'>Videt</span> <span class='ocrx_word' id='word_1_68' title='bbox 1131 863 1180 904; x_wconf 92' lang='lat' dir='ltr'>in</span> <span class='ocrx_word' id='word_1_69' title='bbox 1226 863 1321 904; x_wconf 88' lang='lat' dir='ltr'>aliis</span> <span class='ocrx_word' id='word_1_70' title='bbox 1365 862 1469 904; x_wconf 89' lang='lat' dir='ltr'>fieri.</span> <span class='ocrx_word' id='word_1_71' title='bbox 1533 861 1594 903; x_wconf 88' lang='lat' dir='ltr'>Et</span> 
     </span>
     <span class='ocr_line' id='line_1_10' title="bbox 189 931 1594 988; baseline -0.001 -15"><span class='ocrx_word' id='word_1_72' title='bbox 189 932 393 974; x_wconf 83' lang='lat' dir='ltr'>similiter</span> <span class='ocrx_word' id='word_1_73' title='bbox 443 947 520 988; x_wconf 89' lang='lat' dir='ltr'>per</span> <span class='ocrx_word' id='word_1_74' title='bbox 572 933 839 974; x_wconf 84' lang='lat' dir='ltr'>contrarium</span> <span class='ocrx_word' id='word_1_75' title='bbox 891 932 1079 988; x_wconf 90' lang='lat' dir='ltr'>percipit</span> <span class='ocrx_word' id='word_1_76' title='bbox 1140 931 1328 987; x_wconf 82' lang='lat' dir='ltr'>quilibet</span> <span class='ocrx_word' id='word_1_77' title='bbox 1388 945 1594 987; x_wconf 85' lang='lat' dir='ltr'>magnam</span> 
     </span>
     <span class='ocr_line' id='line_1_11' title="bbox 188 999 1596 1056; baseline -0.001 -14"><span class='ocrx_word' id='word_1_78' title='bbox 188 1001 393 1042; x_wconf 85' lang='lat' dir='ltr'>notitiam</span> <span class='ocrx_word' id='word_1_79' title='bbox 425 1002 654 1051; x_wconf 82' lang='lat' dir='ltr'>virtutum,</span> <span class='ocrx_word' id='word_1_80' title='bbox 688 1001 791 1056; x_wconf 81' lang='lat' dir='ltr'>quia</span> <span class='ocrx_word' id='word_1_81' title='bbox 822 1002 974 1043; x_wconf 83' lang='lat' dir='ltr'>eadem</span> <span class='ocrx_word' id='word_1_82' title='bbox 1018 1004 1085 1043; x_wconf 89' lang='lat' dir='ltr'>est</span> <span class='ocrx_word' id='word_1_83' title='bbox 1131 1000 1315 1042; x_wconf 88' lang='lat' dir='ltr'>scientia</span> <span class='ocrx_word' id='word_1_84' title='bbox 1359 999 1596 1042; x_wconf 85' lang='lat' dir='ltr'>contrario-</span> 
     </span>
     <span class='ocr_line' id='line_1_12' title="bbox 188 1067 1595 1119; baseline -0.001 -9"><span class='ocrx_word' id='word_1_85' title='bbox 188 1083 296 1119; x_wconf 81' lang='lat' dir='ltr'>rum,</span> <span class='ocrx_word' id='word_1_86' title='bbox 330 1072 383 1111; x_wconf 88' lang='lat' dir='ltr'>ut</span> <span class='ocrx_word' id='word_1_87' title='bbox 427 1068 692 1111; x_wconf 85' lang='lat' dir='ltr'>Aristoteles</span> <span class='ocrx_word' id='word_1_88' title='bbox 737 1069 852 1111; x_wconf 88' lang='lat' dir='ltr'>dicit.</span> <span class='ocrx_word' id='word_1_89' title='bbox 917 1069 1000 1111; x_wconf 86' lang='lat' dir='ltr'>Per</span> <span class='ocrx_word' id='word_1_90' title='bbox 1031 1071 1200 1110; x_wconf 91' lang='lat' dir='ltr'>rectum</span> <span class='ocrx_word' id='word_1_91' title='bbox 1247 1069 1363 1110; x_wconf 87' lang='lat' dir='ltr'>enim</span> <span class='ocrx_word' id='word_1_92' title='bbox 1399 1067 1595 1109; x_wconf 85' lang='lat' dir='ltr'>noscitur</span> 
     </span>
     <span class='ocr_line' id='line_1_13' title="bbox 189 1136 1591 1194; baseline -0.001 -16"><span class='ocrx_word' id='word_1_93' title='bbox 189 1137 428 1192; x_wconf 83' lang='lat' dir='ltr'>obliquum,</span> <span class='ocrx_word' id='word_1_94' title='bbox 462 1142 507 1180; x_wconf 88' lang='lat' dir='ltr'>et</span> <span class='ocrx_word' id='word_1_95' title='bbox 552 1153 628 1194; x_wconf 88' lang='lat' dir='ltr'>per</span> <span class='ocrx_word' id='word_1_96' title='bbox 659 1153 815 1180; x_wconf 84' lang='lat' dir='ltr'>sanum</span> <span class='ocrx_word' id='word_1_97' title='bbox 847 1152 1025 1193; x_wconf 68' lang='lat' dir='ltr'>aegrum,</span> <span class='ocrx_word' id='word_1_98' title='bbox 1059 1140 1104 1179; x_wconf 88' lang='lat' dir='ltr'>et</span> <span class='ocrx_word' id='word_1_99' title='bbox 1134 1152 1210 1193; x_wconf 89' lang='lat' dir='ltr'>per</span> <span class='ocrx_word' id='word_1_100' title='bbox 1240 1151 1393 1179; x_wconf 82' lang='lat' dir='ltr'>verum</span> <span class='ocrx_word' id='word_1_101' title='bbox 1425 1136 1591 1186; x_wconf 78' lang='lat' dir='ltr'>falsum&gt;</span> 
     </span>
     <span class='ocr_line' id='line_1_14' title="bbox 189 1204 1594 1262; baseline -0.001 -15"><span class='ocrx_word' id='word_1_102' title='bbox 189 1209 232 1247; x_wconf 87' lang='lat' dir='ltr'>et</span> <span class='ocrx_word' id='word_1_103' title='bbox 278 1221 355 1262; x_wconf 89' lang='lat' dir='ltr'>per</span> <span class='ocrx_word' id='word_1_104' title='bbox 391 1206 556 1248; x_wconf 84' lang='lat' dir='ltr'>bonum</span> <span class='ocrx_word' id='word_1_105' title='bbox 600 1206 775 1256; x_wconf 88' lang='lat' dir='ltr'>malum,</span> <span class='ocrx_word' id='word_1_106' title='bbox 825 1207 929 1261; x_wconf 83' lang='lat' dir='ltr'>quia</span> <span class='ocrx_word' id='word_1_107' title='bbox 971 1206 1242 1261; x_wconf 68' lang='lat' dir='ltr'>privationes</span> <span class='ocrx_word' id='word_1_108' title='bbox 1292 1220 1370 1261; x_wconf 91' lang='lat' dir='ltr'>per</span> <span class='ocrx_word' id='word_1_109' title='bbox 1415 1204 1594 1246; x_wconf 84' lang='lat' dir='ltr'>habitus</span> 
     </span>
     <span class='ocr_line' id='line_1_15' title="bbox 186 1273 1592 1330; baseline -0.001 -15"><span class='ocrx_word' id='word_1_110' title='bbox 186 1277 534 1328; x_wconf 85' lang='lat' dir='ltr'>cognoscuntur3</span> <span class='ocrx_word' id='word_1_111' title='bbox 580 1275 645 1316; x_wconf 80' lang='lat' dir='ltr'>ita</span> <span class='ocrx_word' id='word_1_112' title='bbox 676 1275 793 1330; x_wconf 86' lang='lat' dir='ltr'>quod</span> <span class='ocrx_word' id='word_1_113' title='bbox 836 1274 988 1315; x_wconf 87' lang='lat' dir='ltr'>rustici</span> <span class='ocrx_word' id='word_1_114' title='bbox 1035 1277 1079 1316; x_wconf 89' lang='lat' dir='ltr'>et</span> <span class='ocrx_word' id='word_1_115' title='bbox 1110 1274 1270 1316; x_wconf 77' lang='lat' dir='ltr'>vetulae</span> <span class='ocrx_word' id='word_1_116' title='bbox 1315 1288 1405 1315; x_wconf 91' lang='lat' dir='ltr'>non</span> <span class='ocrx_word' id='word_1_117' title='bbox 1451 1273 1592 1314; x_wconf 89' lang='lat' dir='ltr'>solum</span> 
     </span>
     <span class='ocr_line' id='line_1_16' title="bbox 188 1341 1590 1397; baseline -0.001 -14"><span class='ocrx_word' id='word_1_118' title='bbox 188 1342 307 1397; x_wconf 89' lang='lat' dir='ltr'>apud</span> <span class='ocrx_word' id='word_1_119' title='bbox 360 1342 632 1384; x_wconf 70' lang='lat' dir='ltr'>Christianos</span> <span class='ocrx_word' id='word_1_120' title='bbox 689 1342 765 1384; x_wconf 91' lang='lat' dir='ltr'>sed</span> <span class='ocrx_word' id='word_1_121' title='bbox 816 1342 1063 1393; x_wconf 81' lang='lat' dir='ltr'>Saracenos,</span> <span class='ocrx_word' id='word_1_122' title='bbox 1118 1345 1163 1384; x_wconf 91' lang='lat' dir='ltr'>et</span> <span class='ocrx_word' id='word_1_123' title='bbox 1214 1342 1321 1383; x_wconf 86' lang='lat' dir='ltr'>alios</span> <span class='ocrx_word' id='word_1_124' title='bbox 1382 1341 1590 1391; x_wconf 89' lang='lat' dir='ltr'>infideles,</span> 
     </span>
     <span class='ocr_line' id='line_1_17' title="bbox 188 1409 1592 1466; baseline -0.001 -14"><span class='ocrx_word' id='word_1_125' title='bbox 188 1410 332 1452; x_wconf 86' lang='lat' dir='ltr'>sciunt</span> <span class='ocrx_word' id='word_1_126' title='bbox 362 1411 618 1466; x_wconf 87' lang='lat' dir='ltr'>persuadere</span> <span class='ocrx_word' id='word_1_127' title='bbox 656 1411 708 1452; x_wconf 90' lang='lat' dir='ltr'>de</span> <span class='ocrx_word' id='word_1_128' title='bbox 740 1411 981 1453; x_wconf 82' lang='lat' dir='ltr'>virtutibus</span> <span class='ocrx_word' id='word_1_129' title='bbox 1013 1414 1057 1452; x_wconf 89' lang='lat' dir='ltr'>et</span> <span class='ocrx_word' id='word_1_130' title='bbox 1088 1410 1220 1461; x_wconf 83' lang='lat' dir='ltr'>vitiis,</span> <span class='ocrx_word' id='word_1_131' title='bbox 1256 1425 1386 1466; x_wconf 86' lang='lat' dir='ltr'>poena</span> <span class='ocrx_word' id='word_1_132' title='bbox 1417 1413 1462 1451; x_wconf 92' lang='lat' dir='ltr'>et</span> <span class='ocrx_word' id='word_1_133' title='bbox 1503 1409 1592 1465; x_wconf 87' lang='lat' dir='ltr'>glo-</span> 
     </span>
     <span class='ocr_line' id='line_1_18' title="bbox 188 1477 1591 1535; baseline -0.001 -15"><span class='ocrx_word' id='word_1_134' title='bbox 188 1478 264 1522; x_wconf 83' lang='lat' dir='ltr'>ria.</span> <span class='ocrx_word' id='word_1_135' title='bbox 328 1478 387 1520; x_wconf 90' lang='lat' dir='ltr'>Et</span> <span class='ocrx_word' id='word_1_136' title='bbox 430 1483 609 1535; x_wconf 86' lang='lat' dir='ltr'>propter</span> <span class='ocrx_word' id='word_1_137' title='bbox 642 1478 1004 1521; x_wconf 70' lang='lat' dir='ltr'>consuetudinem</span> <span class='ocrx_word' id='word_1_138' title='bbox 1041 1478 1339 1520; x_wconf 84' lang='lat' dir='ltr'>ecclesiasticae</span> <span class='ocrx_word' id='word_1_139' title='bbox 1381 1477 1591 1519; x_wconf 78' lang='lat' dir='ltr'>doctrinae</span> 
     </span>
     <span class='ocr_line' id='line_1_19' title="bbox 189 1545 1591 1603; baseline -0.001 -15"><span class='ocrx_word' id='word_1_140' title='bbox 189 1561 337 1588; x_wconf 86' lang='lat' dir='ltr'>omnes</span> <span class='ocrx_word' id='word_1_141' title='bbox 391 1547 634 1590; x_wconf 85' lang='lat' dir='ltr'>Christiani</span> <span class='ocrx_word' id='word_1_142' title='bbox 694 1547 860 1588; x_wconf 85' lang='lat' dir='ltr'>habent</span> <span class='ocrx_word' id='word_1_143' title='bbox 915 1561 1121 1603; x_wconf 86' lang='lat' dir='ltr'>magnam</span> <span class='ocrx_word' id='word_1_144' title='bbox 1183 1546 1477 1602; x_wconf 75' lang='lat' dir='ltr'>cognitionem</span> <span class='ocrx_word' id='word_1_145' title='bbox 1538 1545 1591 1586; x_wconf 92' lang='lat' dir='ltr'>de</span> 
     </span>
     <span class='ocr_line' id='line_1_20' title="bbox 188 1615 1799 1671; baseline -0.002 -16"><span class='ocrx_word' id='word_1_146' title='bbox 188 1615 255 1656; x_wconf 88' lang='lat' dir='ltr'>his</span> <span class='ocrx_word' id='word_1_147' title='bbox 302 1629 399 1670; x_wconf 86' lang='lat' dir='ltr'>quae</span> <span class='ocrx_word' id='word_1_148' title='bbox 442 1616 668 1670; x_wconf 88' lang='lat' dir='ltr'>pertinent</span> <span class='ocrx_word' id='word_1_149' title='bbox 701 1615 757 1656; x_wconf 87' lang='lat' dir='ltr'>ad</span> <span class='ocrx_word' id='word_1_150' title='bbox 789 1615 985 1656; x_wconf 85' lang='lat' dir='ltr'>salutem.</span> <span class='ocrx_word' id='word_1_151' title='bbox 1049 1615 1110 1656; x_wconf 85' lang='lat' dir='ltr'>Et</span> <span class='ocrx_word' id='word_1_152' title='bbox 1152 1628 1243 1656; x_wconf 88' lang='lat' dir='ltr'>non</span> <span class='ocrx_word' id='word_1_153' title='bbox 1282 1618 1347 1656; x_wconf 88' lang='lat' dir='ltr'>est</span> <span class='ocrx_word' id='word_1_154' title='bbox 1383 1628 1590 1670; x_wconf 81' lang='lat' dir='ltr'>magnum</span> <span class='ocrx_word' id='word_1_155' title='bbox 1608 1620 1799 1671; x_wconf 67' lang='lat' dir='ltr'>Preaehing</span> 
     </span>
     <span class='ocr_line' id='line_1_21' title="bbox 188 1666 1776 1752; baseline 0 -29"><span class='ocrx_word' id='word_1_156' title='bbox 188 1683 283 1724; x_wconf 85' lang='lat' dir='ltr'>istis</span> <span class='ocrx_word' id='word_1_157' title='bbox 323 1684 549 1725; x_wconf 83' lang='lat' dir='ltr'>ordinibus</span> <span class='ocrx_word' id='word_1_158' title='bbox 596 1683 876 1725; x_wconf 71' lang='lat' dir='ltr'>studentibus</span> <span class='ocrx_word' id='word_1_159' title='bbox 907 1683 1027 1738; x_wconf 87' lang='lat' dir='ltr'>loqui</span> <span class='ocrx_word' id='word_1_160' title='bbox 1073 1682 1233 1739; x_wconf 89' lang='lat' dir='ltr'>populo</span> <span class='ocrx_word' id='word_1_161' title='bbox 1265 1683 1316 1724; x_wconf 90' lang='lat' dir='ltr'>de</span> <span class='ocrx_word' id='word_1_162' title='bbox 1348 1682 1590 1724; x_wconf 78' lang='lat' dir='ltr'>virtutibus</span> <span class='ocrx_word' id='word_1_163' title='bbox 1608 1666 1776 1752; x_wconf 42' lang='lat'>{3233}-</span> 
     </span>
     <span class='ocr_line' id='line_1_22' title="bbox 189 1750 1592 1808; baseline -0.001 -15"><span class='ocrx_word' id='word_1_164' title='bbox 189 1755 233 1793; x_wconf 86' lang='lat' dir='ltr'>et</span> <span class='ocrx_word' id='word_1_165' title='bbox 275 1751 411 1803; x_wconf 83' lang='lat' dir='ltr'>vitiis,</span> <span class='ocrx_word' id='word_1_166' title='bbox 443 1766 574 1808; x_wconf 85' lang='lat' dir='ltr'>poena</span> <span class='ocrx_word' id='word_1_167' title='bbox 624 1755 669 1794; x_wconf 90' lang='lat' dir='ltr'>et</span> <span class='ocrx_word' id='word_1_168' title='bbox 720 1751 858 1807; x_wconf 86' lang='lat' dir='ltr'>gloria</span> <span class='ocrx_word' id='word_1_169' title='bbox 874 1768 884 1803; x_wconf 88' lang='lat'>;</span> <span class='ocrx_word' id='word_1_170' title='bbox 928 1751 1145 1807; x_wconf 67' lang='lat' dir='ltr'>przecipue</span> <span class='ocrx_word' id='word_1_171' title='bbox 1198 1766 1295 1793; x_wconf 87' lang='lat' dir='ltr'>cum</span> <span class='ocrx_word' id='word_1_172' title='bbox 1346 1751 1395 1792; x_wconf 89' lang='grc'>111</span> <span class='ocrx_word' id='word_1_173' title='bbox 1447 1750 1592 1792; x_wconf 78' lang='lat' dir='ltr'>Textu</span> 
     </span>
     <span class='ocr_line' id='line_1_23' title="bbox 190 1819 1593 1875; baseline -0.001 -14"><span class='ocrx_word' id='word_1_174' title='bbox 190 1819 321 1862; x_wconf 83' lang='lat' dir='ltr'>Sacro</span> <span class='ocrx_word' id='word_1_175' title='bbox 383 1821 526 1862; x_wconf 86' lang='lat' dir='ltr'>multa</span> <span class='ocrx_word' id='word_1_176' title='bbox 577 1823 682 1862; x_wconf 85' lang='lat' dir='ltr'>sunt</span> <span class='ocrx_word' id='word_1_177' title='bbox 728 1820 792 1861; x_wconf 87' lang='lat' dir='ltr'>ibi</span> <span class='ocrx_word' id='word_1_178' title='bbox 832 1820 1087 1875; x_wconf 86' lang='lat' dir='ltr'>planissima</span> <span class='ocrx_word' id='word_1_179' title='bbox 1132 1820 1252 1861; x_wconf 87' lang='lat' dir='ltr'>omni</span> <span class='ocrx_word' id='word_1_180' title='bbox 1303 1819 1470 1860; x_wconf 86' lang='lat' dir='ltr'>homini</span> <span class='ocrx_word' id='word_1_181' title='bbox 1517 1819 1593 1873; x_wconf 89' lang='lat' dir='ltr'>qui</span> 
     </span>
     <span class='ocr_line' id='line_1_24' title="bbox 188 1887 1594 1942; baseline -0.001 -13"><span class='ocrx_word' id='word_1_182' title='bbox 188 1889 339 1930; x_wconf 80' lang='lat' dir='ltr'>literas</span> <span class='ocrx_word' id='word_1_183' title='bbox 370 1889 509 1938; x_wconf 84' lang='lat' dir='ltr'>novit,</span> <span class='ocrx_word' id='word_1_184' title='bbox 543 1892 587 1930; x_wconf 87' lang='lat' dir='ltr'>et</span> <span class='ocrx_word' id='word_1_185' title='bbox 633 1889 680 1930; x_wconf 89' lang='lat' dir='ltr'>in</span> <span class='ocrx_word' id='word_1_186' title='bbox 726 1887 850 1930; x_wconf 85' lang='lat' dir='ltr'>libris</span> <span class='ocrx_word' id='word_1_187' title='bbox 880 1891 1129 1930; x_wconf 87' lang='lat' dir='ltr'>sanctorum</span> <span class='ocrx_word' id='word_1_188' title='bbox 1182 1888 1360 1938; x_wconf 81' lang='lat' dir='ltr'>studet3</span> <span class='ocrx_word' id='word_1_189' title='bbox 1413 1902 1467 1929; x_wconf 86' lang='lat' dir='ltr'>ex</span> <span class='ocrx_word' id='word_1_190' title='bbox 1499 1887 1594 1942; x_wconf 89' lang='lat' dir='ltr'>qui-</span> 
     </span>
     <span class='ocr_line' id='line_1_25' title="bbox 189 1955 1594 2012; baseline 0 -15"><span class='ocrx_word' id='word_1_191' title='bbox 189 1956 270 1998; x_wconf 88' lang='lat' dir='ltr'>bus</span> <span class='ocrx_word' id='word_1_192' title='bbox 301 1957 557 1998; x_wconf 81' lang='lat' dir='ltr'>facillimum</span> <span class='ocrx_word' id='word_1_193' title='bbox 589 1960 654 1998; x_wconf 87' lang='lat' dir='ltr'>est</span> <span class='ocrx_word' id='word_1_194' title='bbox 696 1956 844 1998; x_wconf 85' lang='lat' dir='ltr'>idiotis</span> <span class='ocrx_word' id='word_1_195' title='bbox 892 1957 1025 1998; x_wconf 82' lang='lat' dir='ltr'>etiam</span> <span class='ocrx_word' id='word_1_196' title='bbox 1072 1956 1259 2012; x_wconf 79' lang='lat' dir='ltr'>allegare</span> <span class='ocrx_word' id='word_1_197' title='bbox 1312 1955 1594 1998; x_wconf 83' lang='lat' dir='ltr'>auctoritates</span> 
     </span>
     <span class='ocr_line' id='line_1_26' title="bbox 190 2024 1592 2080; baseline -0.001 -14"><span class='ocrx_word' id='word_1_198' title='bbox 190 2028 342 2066; x_wconf 89' lang='lat' dir='ltr'>contra</span> <span class='ocrx_word' id='word_1_199' title='bbox 384 2025 496 2066; x_wconf 84' lang='lat' dir='ltr'>vitia</span> <span class='ocrx_word' id='word_1_200' title='bbox 548 2028 593 2066; x_wconf 88' lang='lat' dir='ltr'>et</span> <span class='ocrx_word' id='word_1_201' title='bbox 644 2038 831 2080; x_wconf 85' lang='lat' dir='ltr'>poenam,</span> <span class='ocrx_word' id='word_1_202' title='bbox 876 2028 920 2066; x_wconf 90' lang='lat' dir='ltr'>et</span> <span class='ocrx_word' id='word_1_203' title='bbox 970 2038 1049 2080; x_wconf 87' lang='lat' dir='ltr'>pro</span> <span class='ocrx_word' id='word_1_204' title='bbox 1100 2024 1352 2076; x_wconf 70' lang='lat' dir='ltr'>virtutibus,</span> <span class='ocrx_word' id='word_1_205' title='bbox 1406 2027 1450 2066; x_wconf 92' lang='lat' dir='ltr'>et</span> <span class='ocrx_word' id='word_1_206' title='bbox 1501 2024 1592 2080; x_wconf 89' lang='lat' dir='ltr'>glo-</span> 
     </span>
     <span class='ocr_line' id='line_1_27' title="bbox 189 2092 1594 2143; baseline 0 -9"><span class='ocrx_word' id='word_1_207' title='bbox 189 2094 266 2143; x_wconf 79' lang='lat' dir='ltr'>ria,</span> <span class='ocrx_word' id='word_1_208' title='bbox 314 2096 360 2135; x_wconf 90' lang='lat' dir='ltr'>et</span> <span class='ocrx_word' id='word_1_209' title='bbox 410 2093 507 2134; x_wconf 87' lang='lat' dir='ltr'>aliis</span> <span class='ocrx_word' id='word_1_210' title='bbox 557 2092 807 2134; x_wconf 81' lang='lat' dir='ltr'>necessariis</span> <span class='ocrx_word' id='word_1_211' title='bbox 854 2093 909 2134; x_wconf 86' lang='lat' dir='ltr'>ad</span> <span class='ocrx_word' id='word_1_212' title='bbox 957 2093 1151 2135; x_wconf 88' lang='lat' dir='ltr'>salutem.</span> <span class='ocrx_word' id='word_1_213' title='bbox 1232 2092 1451 2135; x_wconf 74' lang='lat' dir='ltr'>Caeterum</span> <span class='ocrx_word' id='word_1_214' title='bbox 1502 2093 1594 2134; x_wconf 79' lang='lat' dir='ltr'>haec</span> 
     </span>
     <span class='ocr_line' id='line_1_28' title="bbox 192 2160 1594 2218; baseline -0.001 -15"><span class='ocrx_word' id='word_1_215' title='bbox 192 2165 295 2204; x_wconf 89' lang='lat' dir='ltr'>sunt</span> <span class='ocrx_word' id='word_1_216' title='bbox 346 2162 400 2203; x_wconf 89' lang='lat' dir='ltr'>de</span> <span class='ocrx_word' id='word_1_217' title='bbox 451 2161 738 2204; x_wconf 86' lang='lat' dir='ltr'>ecclesiastico</span> <span class='ocrx_word' id='word_1_218' title='bbox 791 2160 964 2213; x_wconf 89' lang='lat' dir='ltr'>officio;</span> <span class='ocrx_word' id='word_1_219' title='bbox 1025 2161 1306 2218; x_wconf 73' lang='lat' dir='ltr'>praelatorum</span> <span class='ocrx_word' id='word_1_220' title='bbox 1357 2161 1475 2203; x_wconf 89' lang='lat' dir='ltr'>enim</span> <span class='ocrx_word' id='word_1_221' title='bbox 1526 2164 1594 2203; x_wconf 88' lang='lat' dir='ltr'>est</span> 
     </span>
     <span class='ocr_line' id='line_1_29' title="bbox 190 2229 1595 2287; baseline -0.001 -15"><span class='ocrx_word' id='word_1_222' title='bbox 190 2245 406 2287; x_wconf 79' lang='lat' dir='ltr'>exponere</span> <span class='ocrx_word' id='word_1_223' title='bbox 456 2230 616 2287; x_wconf 89' lang='lat' dir='ltr'>populo</span> <span class='ocrx_word' id='word_1_224' title='bbox 667 2230 873 2272; x_wconf 78' lang='lat' dir='ltr'>articulos</span> <span class='ocrx_word' id='word_1_225' title='bbox 919 2230 1022 2271; x_wconf 88' lang='lat' dir='ltr'>fidei</span> <span class='ocrx_word' id='word_1_226' title='bbox 1065 2233 1109 2272; x_wconf 91' lang='lat' dir='ltr'>et</span> <span class='ocrx_word' id='word_1_227' title='bbox 1159 2245 1361 2282; x_wconf 82' lang='lat' dir='ltr'>morum3</span> <span class='ocrx_word' id='word_1_228' title='bbox 1423 2233 1467 2272; x_wconf 91' lang='lat' dir='ltr'>et</span> <span class='ocrx_word' id='word_1_229' title='bbox 1518 2229 1595 2271; x_wconf 91' lang='lat' dir='ltr'>ho-</span> 
     </span>
     <span class='ocr_line' id='line_1_30' title="bbox 189 2297 1590 2354; baseline 0 -14"><span class='ocrx_word' id='word_1_230' title='bbox 189 2314 287 2340; x_wconf 90' lang='lat' dir='ltr'>rum</span> <span class='ocrx_word' id='word_1_231' title='bbox 338 2299 544 2341; x_wconf 79' lang='lat' dir='ltr'>notitiam</span> <span class='ocrx_word' id='word_1_232' title='bbox 595 2298 728 2340; x_wconf 84' lang='lat' dir='ltr'>babet</span> <span class='ocrx_word' id='word_1_233' title='bbox 765 2298 942 2341; x_wconf 87' lang='lat' dir='ltr'>eeclesia</span> <span class='ocrx_word' id='word_1_234' title='bbox 1004 2298 1097 2340; x_wconf 87' lang='lat' dir='ltr'>sine</span> <span class='ocrx_word' id='word_1_235' title='bbox 1147 2298 1294 2341; x_wconf 87' lang='lat' dir='ltr'>studio</span> <span class='ocrx_word' id='word_1_236' title='bbox 1346 2297 1590 2354; x_wconf 84' lang='lat' dir='ltr'>theologiae,</span> 
     </span>
     <span class='ocr_line' id='line_1_31' title="bbox 189 2366 1592 2423; baseline -0.001 -14"><span class='ocrx_word' id='word_1_237' title='bbox 189 2370 234 2409; x_wconf 85' lang='lat' dir='ltr'>et</span> <span class='ocrx_word' id='word_1_238' title='bbox 284 2366 442 2409; x_wconf 84' lang='lat' dir='ltr'>habuit</span> <span class='ocrx_word' id='word_1_239' title='bbox 492 2382 519 2408; x_wconf 89' lang='lat' dir='ltr'>a</span> <span class='ocrx_word' id='word_1_240' title='bbox 568 2366 783 2423; x_wconf 88' lang='lat' dir='ltr'>principio</span> <span class='ocrx_word' id='word_1_241' title='bbox 845 2381 922 2422; x_wconf 87' lang='lat' dir='ltr'>per</span> <span class='ocrx_word' id='word_1_242' title='bbox 973 2366 1218 2409; x_wconf 82' lang='lat' dir='ltr'>doctrinam</span> <span class='ocrx_word' id='word_1_243' title='bbox 1269 2366 1592 2423; x_wconf 84' lang='lat' dir='ltr'>Apostolorum.</span> 
     </span>
     <span class='ocr_line' id='line_1_32' title="bbox 190 2434 1595 2492; baseline -0.001 -15"><span class='ocrx_word' id='word_1_244' title='bbox 190 2435 283 2477; x_wconf 89' lang='lat' dir='ltr'>Nec</span> <span class='ocrx_word' id='word_1_245' title='bbox 345 2435 512 2478; x_wconf 88' lang='lat' dir='ltr'>habent</span> <span class='ocrx_word' id='word_1_246' title='bbox 572 2435 764 2491; x_wconf 86' lang='lat' dir='ltr'>theologi</span> <span class='ocrx_word' id='word_1_247' title='bbox 830 2434 1115 2477; x_wconf 82' lang='lat' dir='ltr'>auctoritates</span> <span class='ocrx_word' id='word_1_248' title='bbox 1181 2435 1449 2492; x_wconf 59' lang='lat' dir='ltr'>praedicandi</span> <span class='ocrx_word' id='word_1_249' title='bbox 1509 2434 1595 2476; x_wconf 82' lang='lat' dir='ltr'>m&#39;si</span> 
     </span>
     <span class='ocr_line' id='line_1_33' title="bbox 192 2502 1594 2561; baseline -0.001 -16"><span class='ocrx_word' id='word_1_250' title='bbox 192 2503 354 2545; x_wconf 89' lang='lat' dir='ltr'>dentur</span> <span class='ocrx_word' id='word_1_251' title='bbox 406 2504 467 2546; x_wconf 86' lang='lat' dir='ltr'>eis</span> <span class='ocrx_word' id='word_1_252' title='bbox 519 2518 545 2545; x_wconf 88' lang='lat' dir='ltr'>a</span> <span class='ocrx_word' id='word_1_253' title='bbox 595 2503 815 2559; x_wconf 81' lang='lat' dir='ltr'>praelatis3</span> <span class='ocrx_word' id='word_1_254' title='bbox 875 2507 920 2546; x_wconf 89' lang='lat' dir='ltr'>et</span> <span class='ocrx_word' id='word_1_255' title='bbox 963 2503 1061 2546; x_wconf 87' lang='lat' dir='ltr'>ideo</span> <span class='ocrx_word' id='word_1_256' title='bbox 1113 2518 1220 2561; x_wconf 84' lang='lat' dir='ltr'>opus</span> <span class='ocrx_word' id='word_1_257' title='bbox 1271 2502 1594 2560; x_wconf 62' lang='lat' dir='ltr'>praedicationis</span> 
     </span>
     <span class='ocr_line' id='line_1_34' title="bbox 189 2571 1594 2628; baseline -0.001 -15"><span class='ocrx_word' id='word_1_258' title='bbox 189 2586 277 2613; x_wconf 89' lang='lat' dir='ltr'>non</span> <span class='ocrx_word' id='word_1_259' title='bbox 322 2575 388 2614; x_wconf 87' lang='lat' dir='ltr'>est</span> <span class='ocrx_word' id='word_1_260' title='bbox 440 2571 630 2614; x_wconf 89' lang='lat' dir='ltr'>officium</span> <span class='ocrx_word' id='word_1_261' title='bbox 681 2572 996 2628; x_wconf 87' lang='lat' dir='ltr'>theologorum,</span> <span class='ocrx_word' id='word_1_262' title='bbox 1045 2573 1121 2615; x_wconf 87' lang='lat' dir='ltr'>sed</span> <span class='ocrx_word' id='word_1_263' title='bbox 1172 2572 1464 2628; x_wconf 75' lang='lat' dir='ltr'>praelatorum,</span> <span class='ocrx_word' id='word_1_264' title='bbox 1518 2571 1594 2626; x_wconf 90' lang='lat' dir='ltr'>qui</span> 
     </span>
     <span class='ocr_line' id='line_1_35' title="bbox 191 2639 1595 2695; baseline -0.001 -15"><span class='ocrx_word' id='word_1_265' title='bbox 191 2640 472 2681; x_wconf 87' lang='lat' dir='ltr'>committunt</span> <span class='ocrx_word' id='word_1_266' title='bbox 531 2640 642 2682; x_wconf 88' lang='lat' dir='ltr'>illud</span> <span class='ocrx_word' id='word_1_267' title='bbox 703 2639 891 2682; x_wconf 89' lang='lat' dir='ltr'>officium</span> <span class='ocrx_word' id='word_1_268' title='bbox 953 2640 1111 2695; x_wconf 86' lang='lat' dir='ltr'>quibus</span> <span class='ocrx_word' id='word_1_269' title='bbox 1179 2641 1331 2695; x_wconf 90' lang='lat' dir='ltr'>placet.</span> <span class='ocrx_word' id='word_1_270' title='bbox 1425 2639 1595 2680; x_wconf 82' lang='lat' dir='ltr'>Scimus</span> 
     </span>
     <span class='ocr_line' id='line_1_36' title="bbox 193 2706 1595 2763; baseline 0.001 -16"><span class='ocrx_word' id='word_1_271' title='bbox 193 2706 324 2748; x_wconf 87' lang='lat' dir='ltr'>etiam</span> <span class='ocrx_word' id='word_1_272' title='bbox 355 2722 433 2762; x_wconf 92' lang='lat' dir='ltr'>pro</span> <span class='ocrx_word' id='word_1_273' title='bbox 465 2711 582 2749; x_wconf 89' lang='lat' dir='ltr'>certo</span> <span class='ocrx_word' id='word_1_274' title='bbox 614 2711 658 2749; x_wconf 89' lang='lat' dir='ltr'>et</span> <span class='ocrx_word' id='word_1_275' title='bbox 689 2708 889 2750; x_wconf 82' lang='lat' dir='ltr'>videmus</span> <span class='ocrx_word' id='word_1_276' title='bbox 921 2708 1095 2763; x_wconf 83' lang='lat' dir='ltr'>ubique,</span> <span class='ocrx_word' id='word_1_277' title='bbox 1125 2708 1243 2763; x_wconf 87' lang='lat' dir='ltr'>quod</span> <span class='ocrx_word' id='word_1_278' title='bbox 1273 2722 1386 2749; x_wconf 91' lang='lat' dir='ltr'>unus</span> <span class='ocrx_word' id='word_1_279' title='bbox 1408 2706 1595 2762; x_wconf 80' lang='lat' dir='ltr'>simplex</span> 
     </span>
     <span class='ocr_line' id='line_1_37' title="bbox 194 2773 1594 2830; baseline 0.001 -16"><span class='ocrx_word' id='word_1_280' title='bbox 194 2773 341 2824; x_wconf 86' lang='lat' dir='ltr'>frater,</span> <span class='ocrx_word' id='word_1_281' title='bbox 390 2774 465 2830; x_wconf 86' lang='lat' dir='ltr'>qui</span> <span class='ocrx_word' id='word_1_282' title='bbox 507 2789 733 2830; x_wconf 85' lang='lat' dir='ltr'>nunquam</span> <span class='ocrx_word' id='word_1_283' title='bbox 779 2775 953 2817; x_wconf 84' lang='lat' dir='ltr'>audivit</span> <span class='ocrx_word' id='word_1_284' title='bbox 999 2779 1175 2817; x_wconf 86' lang='lat' dir='ltr'>centum</span> <span class='ocrx_word' id='word_1_285' title='bbox 1220 2775 1426 2816; x_wconf 87' lang='lat' dir='ltr'>lectiones</span> <span class='ocrx_word' id='word_1_286' title='bbox 1472 2775 1594 2816; x_wconf 90' lang='lat' dir='ltr'>theo-</span> 
     </span>
     <span class='ocr_line' id='line_1_38' title="bbox 194 2841 1595 2898; baseline 0.001 -15"><span class='ocrx_word' id='word_1_287' title='bbox 194 2841 335 2898; x_wconf 66' lang='lat' dir='ltr'>logice,</span> <span class='ocrx_word' id='word_1_288' title='bbox 370 2856 476 2898; x_wconf 82' lang='lat' dir='ltr'>quas</span> <span class='ocrx_word' id='word_1_289' title='bbox 507 2842 544 2884; x_wconf 85' lang='lat' dir='ltr'>si</span> <span class='ocrx_word' id='word_1_290' title='bbox 577 2842 749 2885; x_wconf 82' lang='lat' dir='ltr'>audivit</span> <span class='ocrx_word' id='word_1_291' title='bbox 779 2856 869 2885; x_wconf 89' lang='lat' dir='ltr'>non</span> <span class='ocrx_word' id='word_1_292' title='bbox 914 2845 1063 2886; x_wconf 82' lang='lat' dir='ltr'>tamen</span> <span class='ocrx_word' id='word_1_293' title='bbox 1105 2842 1288 2895; x_wconf 81' lang='lat' dir='ltr'>curavit,</span> <span class='ocrx_word' id='word_1_294' title='bbox 1321 2842 1398 2898; x_wconf 83' lang='lat' dir='ltr'>qui</span> <span class='ocrx_word' id='word_1_295' title='bbox 1441 2842 1595 2885; x_wconf 80' lang='lat' dir='ltr'>melius</span> 
     </span>
    </p>
   </div>
  </div>
 </body>
</html>
