1964 3259
399 290 454 330 92
897 298 1068 330 ROGERI
1101 297 1294 329 BACONJS
1688 290 1801 346 [CAP.

395 411 698 455 aesti1nantur¹
734 412 781 454 in
812 412 1086 469 philosophia
1117 415 1265 455 tenere
1298 412 1601 469 principatum.
1659 413 1800 456 Nemo

395 484 539 537 potest
582 482 688 524 scire
733 482 839 538 quid
876 481 985 524 velit
1030 482 1180 532 dicere,
1226 482 1329 537 quia
1376 483 1493 538 quod
1539 497 1652 524 unus
1697 483 1802 525 dicit

396 550 508 591 alius
539 553 683 607 negat.

169 627 217 678 St.
231 628 378 679 ε10101110,
455 618 674 661 Praeterea
705 618 1016 661 translationes
1047 618 1144 661 istae
1176 618 1341 661 habent
1373 619 1535 661 multas
1556 623 1601 661 et
1622 634 1803 675 magnas

169 674 365 749 ssffassffimion
394 686 618 739 falsitates,
666 688 713 728 in
775 687 895 728 omni
936 690 1060 743 parte
1098 687 1395 744 philosophiae7
1438 688 1551 730 sicut
1603 688 1802 744 superius

169 763 332 812 cq1nplied
368 743 516 811 ¹posui
553 756 763 812 exempla,
808 756 861 797 de
898 755 1014 797 Iride
1057 759 1100 797 et
1142 756 1294 812 figuris
1335 756 1605 812 replentibus
1648 756 1801 798 locum.

169 807 353 891 {igilugliges
394 825 452 866 Et
500 825 603 867 licet
656 825 819 866 Beatus
874 824 1173 879 Hieronymus
1227 824 1356 867 scivit
1426 825 1600 882 linguas
1639 825 1802 880 optime

169 896 208 927 of
220 896 270 928 his
288 907 359 939 age.
392 896 437 935 et
482 893 744 949 sapientiam
788 892 882 944 Dei,
926 896 1076 934 tamen
1118 893 1221 948 quia
1257 893 1460 934 falsarius
1513 894 1802 949 reputabatur

391 976 417 1002 a
458 961 566 1003 viris
603 961 901 1004 ecclesiasticis
935 975 1025 1002 non
1069 975 1198 1002 ausus
1240 962 1325 1002 fuit
1367 961 1529 1017 ubique
1567 961 1801 1003 transferre

390 1029 629 1072 secundum
678 1029 945 1070 Hebraicam
989 1029 1252 1081 veritatem3
1299 1029 1433 1071 immo
1496 1030 1718 1071 interdum
1757 1043 1801 1070 se

391 1098 615 1154 coaptavit
657 1097 753 1139 aliis
796 1097 1146 1147 translatoribus
1183 1100 1228 1138 et
1264 1097 1466 1152 permisit
1508 1097 1650 1139 multa
1685 1102 1800 1140 stare

392 1169 443 1207 ut
471 1165 652 1208 fuerunt
695 1165 927 1215 translata,
973 1165 1173 1220 quamvis
1214 1165 1325 1206 bene
1367 1165 1499 1207 scivit
1541 1168 1712 1207 mutare
1754 1166 1801 1206 in

392 1233 558 1286 melius,
626 1234 739 1275 sicut
796 1233 980 1289 ipsemet
1033 1232 1196 1288 pluries
1259 1233 1377 1274 dicit.
1463 1234 1530 1276 Ut
1578 1237 1644 1275 est
1692 1233 1801 1274 illud

394 1306 551 1358 quarto
582 1302 822 1358 Sapientiae
858 1301 957 1358 [3.]:
998 1305 1020 1322 ‘⁶
1039 1300 1200 1356 Spuria
1231 1301 1498 1342 vitulamina
1518 1315 1608 1342 non
1631 1301 1801 1343 dabunt

393 1374 416 1392 “
448 1371 613 1412 radices
635 1369 790 1412 altas.”
852 1369 970 1411 Nam
992 1369 1271 1425 Augustinus
1294 1369 1488 1411 ostendit
1520 1370 1709 1411 secundo
1733 1369 1800 1411 De

393 1440 607 1481 Doctrina
629 1439 882 1482 Christiana
918 1438 1031 1494 [xii]
1065 1437 1183 1493 quod
1205 1437 1313 1479 falsa
1345 1441 1411 1479 est
1442 1437 1536 1480 haec
1557 1437 1799 1480 translatio.

393 1508 452 1550 Et
489 1508 621 1550 etiam
681 1507 993 1562 Hieronymus,
1059 1505 1284 1548 celeritate
1340 1506 1538 1548 dictandi
1581 1506 1799 1562 deceptus,

392 1579 444 1618 ut
492 1577 583 1632 ipse
632 1576 810 1625 fatetur,
869 1575 916 1615 in
978 1574 1131 1615 multis
1187 1574 1302 1624 locis,
1359 1574 1593 1616 transtulit
1649 1578 1803 1616 contra

394 1645 660 1695 veritatem3
718 1644 830 1685 sicut
863 1642 987 1698 posui
1023 1641 1223 1697 exempla
1252 1645 1344 1683 tam
1379 1642 1428 1683 in
1463 1642 1602 1698 Opere
1637 1643 1801 1684 Minori

394 1728 526 1769 quam
559 1712 734 1768 Majore.
797 1711 884 1753 Sed
915 1710 1007 1751 sine
1032 1710 1358 1765 comparatione
1401 1713 1467 1751 est
1498 1711 1618 1752 istud
1639 1710 1799 1752 vitium

391 1782 439 1823 111
470 1780 754 1837 philosophia,
787 1782 832 1820 et
863 1778 1054 1819 multum
1086 1780 1244 1833 gravat
1277 1776 1488 1819 Latinos.‘-'

167 1853 375 1904 Subsequent
452 1850 592 1891 Sexta
626 1863 730 1890 vero
772 1861 901 1889 causa
935 1849 1012 1898 est,
1061 1845 1177 1900 quod
1214 1844 1291 1886 illa
1333 1859 1430 1900 quae
1464 1845 1644 1887 fuerunt
1688 1846 1798 1888 bene

167 1907 286 1938 corrup
289 1904 374 1931 “⁰¹¹⁸
393 1917 606 1959 translata
672 1919 776 1957 sunt
830 1913 959 1955 modo
1026 1915 1243 1968 corrupta,
1301 1915 1480 1968 propter
1540 1912 1621 1954 1100
1683 1914 1799 1968 quod

167 1942 251 1973 have
268 1953 322 1974 cre
347 1948 360 1974 t

167 1987 212 2025 in,
229 1954 372 2030 throni-ih
390 1987 564 2042 linguas
598 1986 861 2041 ignoramus,
906 1982 1019 2023 sicut
1054 1984 1178 2037 patet
1212 1994 1289 2036 per
1333 1983 1475 2022 totam
1523 1980 1713 2022 Bibliam
1755 1985 1800 2023 et

166 2031 323 2107 ξῗζξιὲῗ
392 2054 724 2111 philosophiam.
792 2051 906 2103 Quia
935 2064 1014 2091 1100
1050 2049 1209 2090 scimus
1235 2048 1419 2090 scribere
1448 2063 1508 2099 ea,
1545 2063 1623 2091 nec
1644 2049 1798 2105 legere,

167 2120 359 2162 ignoranee.
391 2138 469 2165 nec
511 2121 731 2179 proferre3
779 2123 823 2161 et
857 2119 954 2160 ideo
996 2132 1072 2174 per
1114 2130 1380 2172 consequens
1412 2117 1526 2172 perit
1567 2131 1695 2158 verus
1737 2118 1803 2158 in-

392 2192 602 2233 tellectus.
681 2189 742 2231 Et
773 2188 864 2230 haec
898 2200 1027 2228 causa
1067 2184 1201 2226 habet
1237 2185 1379 2225 locum
1432 2184 1479 2225 in
1525 2185 1801 2240 corruptione

392 2263 542 2302 textus
580 2258 702 2300 sacri.
771 2255 889 2297 Nam
923 2268 1001 2310 pro
1038 2252 1194 2308 majori
1228 2255 1353 2308 parte
1390 2254 1455 2292 est
1492 2256 1722 2307 corruptus
1752 2253 1800 2294 in

394 2326 634 2382 exemplari
655 2324 852 2380 vulgato,
875 2322 992 2378 quod
1022 2324 1088 2363 est
1110 2320 1363 2361 Parisiense.
1422 2319 1482 2360 Et
1509 2319 1556 2360 in
1578 2320 1674 2361 aliis
1695 2321 1799 2362 locis

391 2398 458 2437 est
496 2394 671 2444 dubius,
707 2406 804 2446 quae
840 2389 1064 2432 dubitatio
1095 2387 1213 2430 cadit
1246 2387 1294 2427 in
1329 2387 1475 2428 virum
1511 2387 1798 2442 sapientem33

392 2466 437 2505 et
471 2461 569 2503 ideo
607 2457 901 2515 approbanda,
938 2457 1051 2498 sicut
1092 2456 1225 2497 timor
1269 2453 1537 2510 approbatur
1571 2454 1646 2510 qui
1680 2456 1798 2498 cadit

391 2532 438 2572 in
474 2530 621 2571 virum
657 2528 944 2568 constantem.
1008 2523 1168 2564 Nullus
1203 2522 1319 2563 enim
1353 2521 1481 2563 homo
1522 2522 1659 2564 sciens
1685 2523 1797 2566 hanc

391 2598 629 2641 falsitatem
660 2599 704 2637 et
739 2593 1009 2636 dubietatem
1042 2593 1187 2647 potest
1223 2588 1459 2631 secundum
1488 2591 1795 2634 conscientiam

437 2838 444 2856 ¹
464 2835 678 2877 astimantar]
699 2834 733 2866 in
750 2831 957 2875 philosophia
973 2830 1059 2864 aesti-
1167 2830 1179 2847 ²
1196 2827 1349 2869 Latinos]
1377 2827 1541 2867 Latinam,
1565 2828 1604 2860 T.

393 2894 532 2927 mantur,
558 2888 597 2921 T.
1168 2882 1180 2900 ³
1195 2879 1387 2923 sapientem]
1414 2885 1629 2914 constantem.
1654 2880 1693 2914 T.
