1964 3259
375 251 461 292 486
874 258 1046 290 ROGERI
1076 256 1273 289 BACONIS
1662 245 1779 302 [CAR

374 377 433 419 sit
468 379 639 419 noctua.
703 376 788 419 Oui
828 375 1060 419 sententiae
1099 374 1277 416 videtur
1316 372 1519 415 inclinari
1561 371 1781 429 Hierony-

373 461 471 488 mus
512 461 612 488 cum
646 446 765 488 dicat
794 446 842 487 in
875 445 1058 501 epistola
1088 444 1141 485 de
1182 441 1447 485 correctione
1468 440 1672 482 Psalterii
1688 440 1701 463 ¹
1734 441 1783 482 in

373 515 449 557 illo
484 515 608 567 loco;
652 514 831 556 “factus
867 529 964 555 sum
1001 513 1113 555 sicut
1144 511 1400 567 nycticorax
1430 510 1478 551 in
1510 508 1729 552 domicilio
1747 508 1783 562 ξ’

373 584 451 625 ubi
491 584 590 625 vult
628 583 747 637 quod
787 582 963 637 Aquila,
1006 584 1051 623 et
1092 578 1386 636 Septuaginta
1426 579 1696 634 interpretes
1739 580 1784 619 et

374 651 627 702 Theodotio,
671 654 716 692 613
759 651 916 705 quinta
955 649 1091 691 editio
1132 648 1451 703 nycticoracem
1504 645 1785 702 interpretati

374 722 487 762 sunt.
551 719 854 774 Symmachus,
897 731 1103 774 upupam.
1167 716 1305 758 Sexta
1348 714 1497 766 editiO,
1545 716 1784 766 noctuam3

375 788 493 844 quod
530 790 575 830 et
616 801 694 828 nos
735 786 875 843 magis
912 786 1145 841 sequimur,
1179 787 1231 826 ut
1266 783 1341 826 ait.
1405 782 1608 838 Denique
1639 781 1782 833 infert,

374 857 451 899 ubi
482 857 599 912 apud
634 857 807 897 nostros
839 857 883 896 et
916 854 1090 896 Graecos
1122 853 1285 908 legitur
1318 851 1494 894 “factus
1535 865 1632 892 sum
1673 850 1787 892 sicut

375 929 398 948 ‘⁶
430 922 725 980 nycticorax‚''
763 923 881 980 apud
903 922 1116 964 Hebraeos
1148 920 1309 962 dicitur
1339 925 1361 941 “
1377 920 1518 961 factus
1546 934 1642 960 sum
1674 919 1786 960 sicut

377 998 399 1015 “
429 991 629 1035 1100111161.υ
692 991 779 1034 Sed
810 991 949 1046 magis
985 990 1225 1032 tenendum
1259 988 1376 1044 quod
1410 987 1666 1043 nycticorax
1699 1001 1787 1028 non

374 1061 433 1103 sit
475 1063 637 1102 noctua
680 1059 773 1101 sine
821 1059 985 1109 dubio3
1033 1057 1240 1112 quoniam
1272 1054 1421 1098 Dent.2
1452 1056 1541 1098 xiv.
1574 1055 1651 1097 ubi
1683 1070 1787 1096 enu-

374 1131 598 1170 merantur
648 1126 859 1169 animalia
909 1125 1131 1181 prohibita
1182 1125 1230 1165 in
1280 1124 1387 1180 lege,
1439 1123 1503 1165 ibi
1554 1137 1789 1165 connume-

373 1200 529 1239 rantur
562 1199 726 1238 noctua
756 1197 802 1237 et
821 1194 1091 1250 nycticorax.
1155 1191 1242 1234 Sed
1273 1194 1445 1233 constat
1474 1191 1592 1233 idem
1623 1192 1788 1233 animal

374 1280 464 1307 non
494 1264 563 1306 bis
594 1263 818 1320 prohiberi
848 1263 895 1304 in
932 1262 1082 1304 eodem
1112 1260 1217 1310 1000,
1246 1259 1383 1316 igitur
1412 1259 1667 1315 nycticorax
1696 1273 1786 1301 non

374 1336 442 1376 est
478 1335 649 1375 noctua.
712 1332 841 1382 Item,
876 1330 1065 1372 Levitici
1105 1329 1337 1371 undecimo
1381 1327 1506 1384 [16.]‚
1543 1327 1593 1368 in
1624 1327 1786 1380 Graeco,

375 1417 472 1444 cum
521 1401 672 1443 eadem
714 1399 924 1441 animalia
968 1397 1270 1455 prohibentur,
1313 1398 1602 1438 numerantur
1642 1396 1787 1452 nycti-

374 1485 506 1512 corax
547 1472 594 1512 et
625 1471 798 1519 noctua,
831 1467 970 1523 igitur
997 1480 1088 1508 non
1116 1468 1301 1522 possunt
1341 1478 1431 1507 esse
1461 1464 1580 1507 idem
1611 1464 1786 1507 animal.

376 1538 505 1590 Quod
566 1537 705 1593 igitur
772 1535 831 1578 sit
902 1534 1032 1586 bubo,
1095 1533 1310 1589 probatur
1381 1547 1459 1588 per
1530 1532 1786 1575 Leviticum.

376 1607 496 1648 Nam
539 1605 616 1647 ubi
662 1618 742 1645 nos
784 1603 996 1644 habemus
1038 1602 1271 1651 bubonem,
1311 1600 1489 1642 Graecus
1520 1600 1655 1642 habet
1684 1615 1788 1657 nyc-

376 1675 618 1717 ticoracem.
681 1671 853 1713 Deinde
900 1669 1081 1719 Plinius,
1116 1669 1191 1723 qui
1222 1667 1430 1710 sollicitus
1470 1667 1558 1710 fuit
1600 1669 1654 1710 de
1695 1669 1788 1710 ani-

376 1742 567 1784 malibus
609 1738 916 1783 enumerandis
947 1740 993 1779 et
1035 1735 1368 1793 perscrutandis,
1403 1750 1501 1777 cum
1541 1736 1589 1777 in
1622 1736 1788 1778 decimo

376 1812 488 1852 libro
542 1809 652 1865 [16]
705 1810 887 1848 naturas
950 1805 1102 1847 avium
1154 1803 1418 1846 notabilium
1481 1807 1786 1859 perscrutetur,

376 1892 605 1933 nunquam
656 1876 764 1917 facit
818 1873 1087 1916 mentionem
1140 1873 1193 1914 de
1254 1871 1529 1927 nycticorace
1580 1872 1662 1914 sub
1707 1874 1788 1916 1100

376 1946 587 1989 vocabulo
620 1944 800 1995 Graeco;
848 1942 923 1984 sed
964 1943 1144 1983 tantum
1188 1939 1385 1995 loquitur
1430 1939 1483 1981 de
1523 1939 1700 1983 bubone
1741 1945 1788 1983 et

375 2018 564 2067 noctua3
617 2027 715 2056 cum
777 2014 929 2053 tamen
976 2009 1029 2051 de
1081 2008 1285 2050 omnibus
1347 2006 1503 2050 avibus
1563 2009 1789 2052 nocturnis

378 2084 603 2127 edisserat.
667 2079 920 2136 Distinguit
941 2077 1076 2134 igitur
1107 2076 1278 2118 Plinius
1308 2075 1529 2118 bubonem
1560 2091 1587 2118 a
1616 2081 1787 2121 noctua.

381 2153 441 2194 Et
472 2166 571 2194 cum
603 2164 693 2192 non
725 2161 955 2205 possumus
998 2148 1178 2189 tantum
1224 2147 1445 2187 auctorem
1491 2147 1694 2201 reputare
1723 2146 1790 2188 in-

377 2219 674 2268 sufficientem,
739 2215 844 2272 quia
905 2227 1054 2256 omnes
1114 2211 1311 2254 auctores
1360 2212 1562 2254 imitatus
1612 2215 1691 2266 est,
1743 2218 1790 2258 et

383 2288 531 2331 omnia
578 2288 799 2328 scrutatus
850 2286 917 2325 est
968 2281 1067 2338 plus
1118 2295 1250 2336 quam
1293 2280 1416 2332 alius,
1459 2295 1538 2336 pro
1569 2282 1789 2325 sententia

379 2359 510 2398 teneo
554 2354 673 2410 quod
715 2352 834 2395 bubo
880 2354 925 2392 et
956 2349 1213 2405 nycticorax
1259 2351 1364 2390 sunt
1405 2363 1542 2390 unum
1585 2353 1630 2392 et
1671 2351 1787 2392 idem

378 2423 551 2465 animal.
626 2420 755 2472 Quod
788 2421 937 2461 autem
975 2417 1170 2459 Isidorus
1211 2416 1331 2467 dicit,
1364 2417 1444 2458 hoc
1475 2417 1614 2472 magis
1644 2418 1786 2460 faten-

378 2492 485 2533 dum
517 2492 582 2532 est
624 2503 723 2530 eum
755 2487 920 2528 dixisse
961 2500 1017 2527 ex
1060 2484 1264 2539 opinione
1295 2498 1427 2538 quam
1471 2498 1528 2526 ex
1558 2487 1787 2528 sententia.

378 2560 497 2602 Nam
538 2557 586 2599 in
616 2555 767 2598 multis
796 2553 992 2610 loquitur
1022 2551 1278 2602 communia,
1311 2551 1389 2593 ubi
1428 2566 1518 2593 non
1548 2555 1789 2598 sententiat

379 2642 458 2684 pro
478 2626 677 2671 veritate.
741 2622 956 2675 Quamvis
987 2623 1136 2663 autem
1167 2619 1470 2676 Hieronymus
1499 2620 1546 2665 in
1576 2621 1670 2666 loco
1699 2637 1788 2667 me-

425 2844 432 2861 ¹
451 2842 623 2885 Psalcerzz]
650 2842 691 2875 ci.
710 2845 737 2874 7.
1071 2840 1076 2881 1
1164 2842 1174 2856 ²
1193 2837 1312 2879 Deua]
1334 2838 1403 2869 xiv.
1426 2841 1474 2869 17.
