1964 3259
209 253 366 310 xxm]
728 263 842 297 orvs
872 263 1086 297 TERTIUM.
1544 253 1599 299 75

205 394 283 437 per
306 380 474 436 aliquas
498 380 700 432 rationes,
731 392 837 435 quas
865 392 990 435 ponc,
1020 378 1137 434 quod
1164 392 1311 421 omnes
1335 384 1600 422 erraverunt.

205 449 422 491 Dominus
462 463 567 491 vero
619 447 836 490 Robertus
887 446 1111 502 episcopus
1162 446 1504 497 Lincolniensis‚l
1559 451 1603 490 et

203 516 338 560 frater
368 517 513 559 Adam
555 516 608 558 de
645 515 842 564 Marisoo,
875 513 1059 569 majores
1091 513 1234 556 clerici
1265 515 1319 557 de
1350 516 1526 567 mundo,
1560 520 1604 558 et
1621 522 1734 574 Adafn
1750 525 1791 556 de

203 585 383 642 perfecti
413 585 460 626 in
491 583 705 640 sapientia
733 582 884 624 divina
909 585 954 625 et
981 583 1184 634 humana,
1207 583 1288 626 hoc
1313 583 1430 625 idem
1457 584 1602 625 firma-
1621 567 1792 644 ἒέῗζζξέζὸ

202 656 372 696 verunt.
435 652 567 694 Unde
608 650 780 707 quando
816 664 893 706 per
924 651 1218 693 tentationem
1260 654 1304 694 et
1347 652 1602 694 derisionem
1622 656 1660 706 of
1670 656 1725 688 the

202 722 339 777 aliqui
360 720 548 762 Minores
569 718 905 775 praesumptuosi
927 719 1224 774 quaesiverunt
1245 734 1271 761 a
1292 719 1425 762 fratre
1446 720 1602 771 Adam,
1621 700 1782 743 d1fficu1ty
1785 725 1791 733 ‘

204 793 230 811 “
263 788 380 840 Quid
430 791 496 830 est
546 786 796 829 intellectus
847 800 979 843 agens
996 785 1042 828 2²²
1094 787 1330 843 respondit,
1387 787 1602 830 “Corvus

203 863 227 880 “
257 857 367 899 Eliae
386 855 425 908 3³¹
469 856 619 898 volens
662 870 739 911 per
781 855 862 897 hoc
906 854 1046 897 dicere
1090 855 1208 910 quod
1249 855 1336 898 fuit
1380 856 1499 899 Deus
1531 857 1603 898 vel

202 924 391 981 angelus.
474 924 561 967 Sed
598 923 741 966 noluit
772 922 1042 979 exprimere,⁴
1060 923 1164 979 quia
1193 924 1406 966 tentando
1439 927 1484 967 et
1514 939 1603 967 non

201 997 381 1049 propter
410 992 669 1049 sapientiam
702 991 1008 1047 quaesiverunt.

260 1061 346 1104 Sed
373 1061 478 1116 quia
507 1075 596 1102 non
628 1060 739 1103 solvi
771 1059 833 1101 ibi
859 1058 1000 1111 illud?
1025 1059 1141 1101 unde
1166 1060 1250 1102 iste
1277 1074 1395 1103 error
1418 1060 1601 1113 venerit,
1621 1063 1804 1116 Misappre-

198 1128 307 1179 ideo,
351 1143 406 1171 ne
449 1128 711 1184 suspendam
757 1127 953 1169 animum
995 1130 1153 1170 vestrae
1196 1128 1450 1182 clementiae,
1495 1129 1601 1179 dico,
1620 1109 1684 1186 {²1}ss
1688 1120 1825 1195 {ffsseffi

199 1197 316 1252 quod
346 1196 504 1239 accidit
544 1196 637 1239 haec
668 1195 834 1237 falsitas
875 1210 931 1238 ex
973 1195 1089 1237 mala
1129 1197 1417 1240 translatione
1452 1200 1603 1239 textus
1621 1198 1749 1240 arising

199 1265 462 1314 Aristotelis,
506 1278 585 1306 nec
630 1267 697 1306 est
737 1263 802 1305 ita
842 1263 958 1305 mala
1000 1264 1107 1319 quin
1147 1265 1284 1321 possit
1334 1281 1361 1307 a
1401 1265 1516 1308 bono
1558 1269 1601 1308 et
1618 1243 1778 1329 gffiythe

198 1332 271 1389 pio
332 1333 570 1387 interprete
630 1331 736 1373 satis
797 1331 851 1373 de
911 1331 1042 1387 plano
1099 1332 1270 1388 exponi,
1327 1335 1373 1375 et
1423 1333 1600 1389 probari
1617 1330 1827 1395 treansiggcions

198 1415 275 1456 per
325 1402 502 1442 textum
554 1413 681 1441 51111111
734 1398 898 1440 ibidem
949 1402 994 1441 et
1044 1399 1161 1441 alibi.
1243 1400 1406 1442 Volens
1462 1401 1600 1457 igitur
1616 1376 1767 1453 ssgtssffm

199 1467 459 1510 Aristoteles
509 1467 736 1509 ostendere
787 1467 905 1521 quod
954 1466 1012 1508 ad
1062 1467 1264 1510 effectum
1311 1468 1504 1512 scientiae
1555 1473 1600 1511 et

198 1535 448 1578 intellectus
494 1534 581 1577 duo
631 1534 922 1589 requirantur,
968 1548 1102 1590 agens
1148 1535 1323 1586 scilicet,
1366 1537 1484 1591 quod
1535 1541 1601 1579 est

198 1602 463 1653 illuminans,
517 1605 562 1644 et
601 1602 787 1644 materia
834 1601 1006 1657 patiens
1057 1617 1133 1645 seu
1184 1603 1393 1660 recipiens
1442 1604 1602 1646 illumi-

196 1671 432 1721 nationem,
479 1669 639 1726 probat
681 1669 762 1712 hoc
808 1683 886 1725 per
932 1669 1072 1712 simile
1119 1670 1167 1711 in
1211 1672 1422 1714 omnibus.
1483 1672 1602 1715 Nam

197 1739 244 1781 in
285 1738 405 1782 omni
450 1737 608 1780 effectu
659 1739 705 1780 et
753 1737 1006 1793 operatione
1052 1738 1141 1780 duo
1180 1739 1474 1795 requiruntur,
1515 1740 1602 1783 effi-

195 1807 312 1849 ciens
363 1809 407 1848 et
465 1805 652 1848 materia
702 1805 913 1861 recipiens
976 1806 1192 1848 actionem
1244 1806 1469 1850 efficientis
1485 1824 1496 1860 3
1558 1813 1602 1851 et

196 1889 285 1916 non
326 1873 466 1916 solum
496 1873 541 1914 in
583 1872 873 1923 naturalibus,
907 1872 984 1914 sed
1024 1873 1073 1914 in
1109 1873 1421 1926 artificialibus,
1454 1878 1506 1918 ut
1536 1891 1604 1917 ar-

197 1941 308 1984 tifex
340 1941 397 1982 ad
428 1940 659 1982 materiam
699 1940 748 1981 in
779 1954 910 1996 quam
941 1942 1158 1996 operatur,
1192 1944 1237 1984 et
1267 1942 1346 1985 lux
1373 1943 1430 1985 ad
1460 1943 1603 1986 visum

202 2012 249 2052 et
285 2009 448 2051 colores
479 2008 696 2050 videndos
728 2021 806 2064 pro
839 2009 1039 2065 exemplo
1070 2009 1274 2054 naturali.
1335 2010 1397 2053 Et
1426 2025 1526 2054 cum
1555 2012 1600 2054 in

241 2240 432 2283 'episcopus
473 2237 728 2282 Lincolnz'ensz's]
781 2239 863 2272 Lin-
939 2241 957 2256 “
981 2243 1030 2272 est
1060 2239 1224 2281 impotens
1246 2240 1288 2272 ad
1312 2239 1466 2273 scientias
1485 2246 1518 2274 et
1533 2241 1602 2274 vir-

194 2293 370 2326 colniensis
393 2293 576 2335 episcopus
602 2292 642 2324 T.
939 2294 958 2309 “
982 2298 1076 2332 tutes,
1093 2297 1126 2325 et
1148 2302 1203 2325 eas
1218 2292 1336 2334 recipit
1358 2293 1499 2327 aliunde.
1545 2295 1602 2326 In-

236 2348 249 2366 ²
266 2345 335 2378 Sed
346 2369 458 2380 .....
474 2344 581 2388 illum]
626 2345 646 2363 “
665 2344 865 2386 Ubicunque
938 2346 959 2362 “
984 2345 1134 2378 tellectus
1157 2355 1259 2387 agens
1274 2345 1395 2378 dicitur
1409 2347 1467 2388 qui
1492 2346 1603 2380 influit

193 2401 214 2417 “
238 2399 360 2432 veritas
385 2398 554 2431 invenitur
586 2397 712 2431 Christi
736 2398 863 2430 indica-
936 2400 956 2415 “
978 2397 1014 2429 in
1041 2397 1169 2430 animas
1191 2402 1330 2437 nostras,
1346 2399 1537 2432 illuminans
1559 2401 1602 2432 ad

191 2453 212 2470 “
237 2457 292 2485 tur
319 2451 498 2484 :—idcirco
545 2450 697 2493 quamvis
752 2450 863 2492 aliquo
936 2452 957 2468 “
981 2450 1153 2483 scientiam
1176 2455 1209 2483 et
1230 2451 1407 2490 virtutem3
1432 2456 1465 2484 et
1487 2452 1533 2484 510
1549 2452 1600 2484 in-

192 2506 214 2523 “
237 2506 337 2538 modo
351 2504 474 2537 veritas
498 2503 715 2546 philosophiae
742 2503 864 2535 dicitur
936 2505 956 2521 “
978 2504 1127 2536 tellectus
1173 2514 1275 2546 agens
1320 2513 1387 2536 non
1432 2509 1482 2537 est
1525 2515 1601 2546 pars

191 2559 212 2576 “
235 2558 515 2600 philosophorum,
545 2557 588 2589 ad
622 2557 707 2588 hanc
751 2561 862 2588 tamen
935 2559 954 2574 “
978 2556 1109 2596 animae‚
1145 2557 1203 2588 sed
1241 2555 1423 2589 substantia
1453 2557 1601 2590 intellec-

193 2612 214 2629 “
236 2610 342 2652 primo
372 2610 557 2642 habendam
584 2609 645 2641 lux
668 2608 783 2640 divina
808 2607 860 2640 in·
935 2609 956 2627 “
979 2608 1049 2641 tiva
1082 2613 1233 2650 separata
1266 2619 1325 2650 per
1351 2609 1525 2641 essentiam
1558 2611 1601 2642 ab

192 2664 213 2680 ‘⁶
235 2662 335 2694 fluxit
372 2662 409 2694 in
443 2662 571 2694 animos
594 2671 717 2693 eorum.
763 2661 860 2693 Ideo·
936 2663 956 2679 “
979 2661 1150 2693 intellectu
1161 2661 1336 2702 possibiLi3
1362 2661 1439 2694 licet
1453 2661 1602 2694 inteHec-

193 2717 212 2732 “
236 2725 299 2756 que
352 2714 505 2747 meliores
556 2713 742 2756 philosophi
802 2723 860 2755 po·
935 2715 954 2732 “
978 2718 1030 2745 tus
1046 2712 1211 2754 possibilis
1226 2712 1326 2745 etiam
1346 2713 1474 2745 dicatur
1489 2723 1600 2756 agens,

192 2769 211 2784 ‘⁶
234 2771 370 2799 suerunt
405 2767 609 2800 intellectum
643 2770 797 2809 agentem
828 2771 860 2799 et
934 2769 953 2784 ‘⁶
976 2766 1017 2798 ab
1040 2770 1116 2798 actu
1134 2764 1475 2808 intelligendi.”—Eae
1494 2766 1600 2810 Opere

194 2819 214 2836 ‘⁶
237 2819 437 2860 possibilem.
483 2819 611 2852 Anima
637 2819 783 2852 humana
809 2818 857 2850 di·
931 2817 1063 2862 Majorz'
1081 2817 1170 2861 [cap.
1187 2817 1253 2862 v.],
1270 2818 1312 2853 R.
1330 2817 1387 2858 B„
1409 2818 1449 2852 U.

193 2871 214 2888 ‘⁶
236 2870 323 2905 citur
344 2871 386 2904 ab
406 2870 452 2905 eis
473 2871 652 2915 possibilis
669 2881 744 2915 quae
767 2871 809 2904 de
823 2880 858 2904 se
