1964 3259
154 2308 259 2350 4thly,
276 2310 314 2340 of

152 2353 279 2394 phrase.

369 232 456 280 478
870 245 1043 278 ROGERI
1074 243 1270 280 BAcoNIS
1661 237 1777 297 [cAP.

367 365 617 421 exemplum
657 364 828 409 inducit
864 365 1051 422 primam
1093 367 1149 408 ad
1191 365 1592 410 Thessalonicenses
1633 368 1776 420 tertio,

369 438 392 456 “
427 433 650 476 Consolati
700 449 860 486 sumus,
914 435 1082 487 fratres,
1136 435 1183 477 in
1236 435 1360 478 vobis
1381 434 1423 488 3³³
1477 437 1660 479 dubium
1713 442 1779 481 est

367 507 518 546 utrum
564 518 588 545 o
633 504 791 546 fratres
843 505 912 547 vel
961 504 1039 547 hos
1081 504 1248 556 fratres,
1291 508 1342 546 ut
1384 506 1447 547 ait
1480 505 1778 562 Augustinus.

368 572 428 614 Et
471 572 602 614 solvit
644 573 790 614 dicens
838 572 990 615 Graeca
1034 574 1186 630 lingua
1228 574 1307 615 hos
1350 589 1471 616 casus
1515 590 1640 631 pares
1691 590 1781 618 non

366 641 512 693 habet,
542 644 586 683 et
617 641 716 683 ideo
737 641 813 683 illa
844 642 1040 698 inspecta
1063 643 1326 685 enunciatur
1346 644 1585 694 vocativus,
1620 644 1654 687 O
1677 644 1781 700 fra-

368 714 463 752 tres.
543 709 630 753 Sed
672 711 728 752 ad
760 710 970 767 Ephesios
1013 713 1200 754 secundo
1234 713 1359 769 [10.]‚
1392 712 1556 769 Ipsius
1587 713 1782 769 factura

365 793 529 822 sumus
550 795 568 831 ;
611 779 886 835 Augustinus
916 780 965 821 in
996 781 1122 824 litera
1166 796 1256 824 suae
1298 782 1600 824 translationis
1632 783 1780 835 habet,

367 847 529 904 Ipsius
561 847 841 904 flymenlum
887 863 1059 892 samus.
1124 851 1184 893 Et
1226 850 1403 893 Graecus
1450 852 1585 894 habet
1616 851 1781 908 Ipsius

361 922 524 972 poema
576 931 748 960 sumus.
823 917 882 960 Et
928 919 1025 961 ideo
1076 934 1165 961 non
1216 923 1361 976 potest
1414 934 1503 962 esse
1556 920 1779 963 ablativus

368 1001 489 1028 casus
533 986 607 1028 sed
651 986 965 1028 nominativus.
1036 987 1123 1030 Sed
1164 989 1257 1044 ipse
1298 989 1522 1045 ignoravit
1567 989 1780 1032 Graecum.

369 1054 582 1096 Similiter
628 1054 685 1095 ad
738 1055 956 1098 Romanos
1009 1057 1064 1098 vi.
1121 1058 1243 1113 [23.],
1299 1057 1498 1099 “Gratia
1550 1058 1634 1100 Dei
1685 1059 1781 1101 vita

369 1122 570 1166 aeterna.'’
639 1123 794 1165 Gratia
845 1125 1085 1166 secundum
1140 1124 1346 1168 Graecum
1398 1129 1464 1167 est
1515 1127 1781 1169 nominativi

370 1207 503 1245 0115115,
539 1196 582 1234 et
614 1207 703 1234 non
739 1196 884 1249 potest
918 1208 1009 1235 esse
1051 1193 1248 1247 ablativi,
1281 1194 1382 1236 licet
1413 1195 1680 1250 expositores
1711 1195 1782 1237 hic

371 1261 581 1303 oberrent.
646 1262 719 1303 Ad
753 1262 969 1304 Colossen.
1003 1263 1027 1304 i.
1073 1262 1196 1318 [MN]
1240 1262 1477 1320 “Corpore
1509 1262 1612 1318 ejus,
1666 1265 1784 1319 quod

372 1336 393 1352 “
426 1333 492 1372 est
533 1329 718 1381 ecclesia,
757 1331 880 1386 cujus
923 1331 1066 1373 factus
1109 1346 1206 1373 sum
1251 1346 1330 1388 ego
1373 1331 1616 1374 minister.'’
1678 1333 1783 1374 Non

368 1399 555 1441 refertur
598 1401 720 1455 cujus
771 1400 827 1441 ad
869 1415 1032 1457 corpus,
1077 1415 1156 1443 nec
1209 1400 1265 1442 ad
1308 1401 1610 1457 Evangelium,
1666 1402 1782 1457 quod

370 1469 598 1525 praecessit,
633 1469 708 1510 sed
755 1469 811 1510 ad
860 1469 1095 1522 ecclesiam,
1146 1470 1263 1525 quod
1309 1469 1357 1511 in
1390 1470 1550 1512 Latino
1599 1471 1785 1513 discerni

369 1553 458 1580 11011
490 1541 645 1594 potest,
680 1539 782 1593 quia
815 1538 946 1593 cujus
979 1542 1044 1580 est
1087 1539 1228 1580 omnis
1270 1539 1465 1595 generis3
1505 1540 1580 1581 sed
1616 1555 1704 1582 non
1735 1540 1783 1581 in

373 1607 532 1657 Graeco,
567 1607 670 1662 quia
700 1607 960 1663 pronomina
992 1607 1345 1649 diversificantur
1380 1622 1456 1663 per
1487 1623 1657 1664 genera.
1723 1609 1782 1650 Et

373 1676 418 1717 in
455 1676 638 1732 epistola
670 1676 699 1717 J
703 1676 801 1717 udae
837 1676 960 1732 [13.],
1007 1681 1029 1697 “
1051 1675 1210 1718 fluctus
1242 1675 1323 1718 feri
1359 1676 1544 1718 maris:”
1575 1676 1673 1733 feri
1717 1681 1783 1719 est

373 1745 672 1787 nominativus
704 1759 837 1795 casus,
861 1759 949 1786 non
980 1744 1214 1801 genitivus,
1240 1744 1357 1801 quod
1388 1748 1510 1801 patet
1541 1745 1588 1785 in
1619 1745 1781 1796 Graeco,

375 1815 450 1856 sed
481 1829 570 1856 non
601 1817 744 1870 potest
776 1813 875 1855 sciri
902 1828 977 1870 per
1001 1814 1220 1856 Latinum.
1289 1813 1349 1855 Et
1370 1814 1557 1855 secundo
1581 1814 1784 1857 Matthaei

377 1883 470 1939 [2.],
507 1888 530 1905 “
552 1883 765 1925 Venimus
816 1882 996 1924 adorare
1048 1897 1146 1924 eum
1164 1882 1198 1934 ;'’
1250 1882 1524 1938 praeteritum
1566 1886 1631 1924 est
1673 1882 1785 1925 sicut

375 1956 497 2008 patet
548 1953 595 1992 111
647 1951 811 1994 Graeco.
895 1951 954 1993 Et
1006 1951 1298 1993 Ecclesiastici
1356 1951 1580 2007 trigesimo
1632 1956 1784 1994 octavo

378 2020 506 2078 [25.]‚
552 2020 818 2077 “Sapientia
858 2020 1009 2062 scrib-ae
1051 2020 1098 2061 in
1139 2024 1333 2076 tempore
1374 2019 1647 2062 vacuitatis?
1729 2021 1785 2062 In

376 2090 525 2132 Grzeco
553 2093 688 2146 patet,
714 2090 830 2145 quod
862 2089 1016 2131 scribet>
1047 2093 1112 2131 est
1143 2089 1331 2145 genitivi
1363 2103 1497 2139 casus,
1522 2093 1566 2130 et
1596 2103 1684 2131 non
1721 2093 1787 2132 est

376 2159 570 2201 verbum.
654 2158 742 2200 Sed
792 2158 835 2199 in
888 2158 1048 2200 Latino
1101 2172 1189 2199 non
1240 2161 1385 2214 potest
1436 2158 1633 2208 discerni,
1687 2158 1786 2201 ideo

377 2232 548 2285 ponunt
579 2227 836 2283 sapientiam
870 2227 919 2269 in
949 2227 1196 2269 accusativo
1228 2242 1328 2269 casu
1359 2231 1512 2269 contra
1542 2227 1785 2269 veritatem.

440 2297 632 2348 Quartus
664 2310 786 2338 casus
818 2299 883 2337 est
925 2296 1100 2351 quando
1144 2310 1233 2336 una
1265 2310 1354 2337 vox
1395 2299 1540 2351 potest
1581 2310 1787 2352 apparere

380 2366 425 2406 in
469 2365 625 2406 Latino
668 2380 756 2406 una
805 2364 950 2413 dictio,
996 2364 1067 2405 vel
1110 2364 1265 2419 plures,
1315 2367 1365 2405 ut
1412 2364 1621 2420 alleluya.
1699 2364 1786 2406 Sed

379 2437 548 2476 constat
591 2433 706 2488 quod
749 2436 853 2473 sunt
890 2433 987 2473 duze
1020 2432 1243 2483 dictiones,
1276 2433 1378 2487 quia
1410 2432 1549 2474 allelu
1581 2435 1646 2474 est
1688 2432 1786 2474 lau-

380 2503 492 2553 date,
530 2505 575 2544 et
606 2517 664 2558 2]OE
708 2505 773 2543 est
815 2501 946 2552 Deus,
989 2503 1039 2541 ut
1084 2501 1192 2542 dicit
1224 2499 1547 2556 Hieronymus¹
1590 2501 1638 2542 in
1682 2501 1785 2557 Epi⁴

379 2573 501 2622 stola,
536 2571 604 2613 De
648 2571 794 2612 decem
826 2569 1077 2611 nominibus
1111 2569 1206 2619 Dei,
1246 2572 1290 2610 et
1331 2573 1455 2625 patet
1496 2569 1543 2611 in
1583 2569 1785 2621 Hebraeo‚

839 2854 846 2872 ¹
866 2853 1098 2895 Hieronymus]
1128 2852 1189 2886 See
1207 2863 1236 2894 p.
1254 2855 1330 2885 235.
