1964 3259
125 1829 182 1862 5t11
199 1829 318 1869 Fault3

123 1875 249 1917 arising

121 1919 209 1950 from
231 1920 286 1951 the

123 1974 232 1995 errors
250 1964 285 1995 in

120 2009 176 2039 the
185 2008 330 2051 Vulgate

122 2053 266 2085 version.

348 274 435 314 330
858 282 1029 313 ROGERI
1063 282 1255 314 BACONIS

347 401 393 441 et
443 399 640 455 proprias
693 398 926 456 theologiae
970 400 1206 456 disputare,
1256 414 1336 442 nec
1382 399 1622 452 audiretur,
1674 401 1760 443 nisi

347 470 459 510 esset
501 467 630 510 1101110
673 483 843 525 magnae
887 469 1174 520 auctoritatis,
1218 471 1296 510 aut
1339 470 1495 524 potens
1541 469 1590 510 in
1622 483 1758 524 quaes-

346 536 544 578 tionibus
574 537 771 593 propriis,
815 540 859 579 et
902 537 1098 587 utilibus,
1134 540 1178 579 et
1208 536 1472 579 necessariis.
1550 537 1611 579 Et
1662 537 1760 579 ideo

347 605 423 660 qui
454 605 608 661 legunt
641 608 819 646 textum
852 620 943 647 non
975 609 1205 662 exponunt
1236 621 1346 656 eum,
1381 606 1484 662 quia
1520 619 1611 647 non
1643 620 1758 661 quee-

346 676 451 715 runt
507 673 744 729 quaestions
788 674 986 730 proprias
1034 677 1078 716 et
1125 675 1387 716 necessarias
1431 674 1578 716 textui
1628 673 1760 715 intel—

346 741 532 797 ligendo.
612 741 724 784 Cum
785 745 935 784 tamen
996 756 1146 785 omnes
1204 742 1470 798 quaestiones
1521 742 1653 784 utiles
1713 742 1761 783 in

346 810 550 852 omnibus
583 809 776 852 Summis
810 814 855 853 et
893 810 1150 863 Sententiis,
1187 814 1232 852 et
1275 826 1373 866 quae
1418 814 1525 852 sunt
1571 810 1759 867 propriae

346 878 590 934 theologiae,
643 878 813 935 possint
871 880 1106 922 certificari
1151 894 1280 936 super
1341 883 1552 931 textum;
1603 882 1654 921 ut
1707 880 1760 921 de

347 947 550 1003 operibus
582 961 659 989 sex
690 948 871 999 dierum,
908 948 956 989 in
987 948 1202 1004 principio
1246 948 1453 1000 Genesis3
1491 948 1544 990 de
1577 948 1757 990 circum-

346 1015 520 1065 cisione,
566 1019 610 1057 et
659 1016 971 1071 compar-itione
1013 1017 1282 1074 angelorum,
1324 1016 1373 1058 in
1417 1017 1569 1059 eodem
1612 1016 1756 1068 libro;

346 1083 399 1124 de
431 1083 600 1139 legibus
634 1084 683 1125 in
723 1084 849 1126 libris
882 1084 1029 1140 Moysi
1046 1102 1056 1138 3
1105 1086 1158 1126 de
1204 1085 1397 1127 moribus
1437 1085 1486 1126 in
1521 1085 1646 1126 libris
1681 1084 1758 1127 Sa-

345 1152 557 1204 lamonis3
610 1153 665 1194 de
716 1154 999 1195 sacramentis
1053 1153 1100 1194 in
1157 1154 1287 1196 Novo
1336 1154 1647 1205 Testament03
1706 1154 1759 1195 de

347 1221 549 1262 omnibus
590 1221 659 1263 his
715 1221 763 1262 in
818 1221 942 1263 libris
986 1222 1169 1278 Regum,
1218 1225 1263 1264 et
1305 1222 1662 1278 Paralipomenis,
1713 1226 1758 1264 et

347 1288 588 1345 Prophetis,
629 1292 673 1332 et
716 1290 842 1342 aliis,
894 1291 959 1332 ita
1005 1291 1122 1346 quod
1169 1293 1348 1346 possent
1390 1290 1619 1332 certificari
1670 1290 1759 1332 suis

346 1357 461 1408 locis,
507 1362 558 1400 ut
602 1358 771 1400 dulcius
803 1373 858 1400 ex
889 1359 983 1415 ipso
1025 1358 1147 1401 fonte
1190 1359 1446 1401 biberentur
1489 1373 1625 1414 aquae.
1700 1358 1759 1400 Et

345 1426 461 1468 idem
493 1427 546 1468 fit
577 1427 625 1468 in
662 1427 781 1469 omni
823 1427 1044 1469 facultate.
1108 1428 1196 1470 Sed
1231 1427 1372 1484 [quia]
1405 1442 1494 1470 non
1526 1427 1587 1469 sic
1627 1428 1680 1469 fit
1711 1427 1758 1469 in

347 1495 580 1551 theologia,
626 1496 784 1537 accidit
830 1495 1057 1538 infinitum
1101 1496 1469 1553 impedimentum
1514 1495 1662 1548 studii,
1707 1499 1759 1539 ut

346 1565 470 1618 patet
503 1563 760 1619 diligentius
792 1565 1097 1607 consideranti.

410 1831 638 1884 QUINTUM
681 1834 910 1888 peccatum
957 1835 1024 1874 est
1076 1831 1219 1888 majus
1270 1831 1473 1874 omnibus
1520 1832 1755 1888 praedictis.

350 1900 467 1942 Nam
518 1903 670 1943 textus
717 1904 783 1942 est
834 1914 913 1956 pro
960 1899 1118 1956 majori
1164 1904 1291 1956 parte
1340 1903 1570 1956 corruptus
1620 1900 1759 1942 horri-

347 1968 498 2010 biliter
538 1969 586 2010 in
630 1969 867 2025 exemplari
904 1969 1110 2025 Vulgato,
1154 1969 1236 2011 1106
1280 1973 1345 2011 est
1392 1969 1636 2011 Parisiensi.
1699 1969 1759 2011 Et

348 2037 424 2079 ubi
455 2052 545 2079 non
575 2037 708 2080 habet
731 2037 1065 2094 corruptionem,
1088 2037 1222 2079 habet
1254 2041 1403 2080 tamen
1435 2038 1759 2080 dubitationem

346 2109 531 2159 tantam,
586 2121 684 2161 quae
725 2106 885 2148 merito
936 2106 1071 2148 habet
1114 2106 1264 2149 cadere
1305 2107 1352 2148 in
1384 2121 1557 2148 omnem
1589 2107 1758 2162 sapien-

346 2175 467 2225 tiam,
528 2174 642 2217 sicut
708 2175 844 2217 timor
906 2175 1215 2231 approbandus
1270 2178 1345 2218 ‘est
1397 2176 1472 2231 qui
1533 2175 1651 2217 cadit
1712 2174 1760 2216 in

347 2246 623 2286 constantem
672 2243 828 2286 virum.
909 2243 968 2285 Et
1021 2242 1113 2286 haec
1174 2243 1395 2285 dubitatio
1447 2244 1645 2285 nascitur
1705 2257 1760 2284 ex

348 2312 628 2354 contentione
678 2314 980 2362 correctorum,
1026 2312 1101 2367 qui
1146 2315 1254 2367 quot
1305 2315 1410 2354 sunt
1453 2312 1634 2354 lectores
1685 2325 1762 2367 per

349 2380 573 2429 mundum,
613 2382 683 2421 tot
715 2384 819 2421 sunt
861 2383 1132 2430 correctores,
1179 2394 1256 2422 seu
1287 2381 1426 2436 magis
1458 2382 1755 2435 corruptores:

349 2447 453 2503 quia
508 2447 698 2502 quilibet
748 2448 976 2503 praesumit
1026 2450 1199 2489 mutare
1251 2447 1368 2502 quod
1410 2447 1597 2503 ignorat,
1642 2446 1760 2502 quod

348 2530 438 2558 non
483 2515 585 2556 licet
628 2514 767 2556 facere
823 2515 871 2555 in
923 2514 1046 2556 libris
1089 2518 1331 2570 poetarum.
1410 2514 1528 2556 Nam
1575 2515 1759 2570 antiqua

349 2583 562 2627 vocabula
602 2586 648 2626 et
691 2597 908 2625 sermones
951 2583 1132 2639 figurati
1170 2597 1260 2625 non
1305 2585 1539 2625 mutantur
1570 2598 1669 2625 cum
1700 2584 1759 2625 le-

349 2656 516 2711 guntur
546 2654 700 2708 poetae,
734 2666 824 2693 non
855 2651 958 2693 libri
999 2651 1185 2693 aliarum
1236 2652 1508 2694 facultatum.
1574 2651 1661 2695 Sed
1691 2651 1761 2694 hic

351 2722 538 2778 quilibet
589 2721 724 2763 lector
774 2723 921 2762 mutat
975 2721 1211 2762 secundum
1263 2724 1396 2776 caput
1452 2735 1589 2771 suum,
1649 2720 1761 2763 sicut

351 2794 477 2847 patet
509 2805 586 2845 per
618 2804 668 2831 ea
699 2804 796 2844 quae
828 2788 979 2845 scripsi
1010 2789 1057 2830 in
1090 2804 1216 2845 opere
1249 2790 1366 2845 quod
1397 2789 1540 2831 mitto.

414 2859 545 2902 Nunc
581 2859 681 2900 volo
725 2859 974 2915 exemplum
1024 2858 1213 2915 prolerre
1259 2874 1337 2916 pro
1387 2859 1513 2903 bonis
1563 2859 1762 2916 magnifi-
