<?xml version="1.0" encoding="UTF-8"?>
<!DOCTYPE html PUBLIC "-//W3C//DTD XHTML 1.0 Transitional//EN"
    "http://www.w3.org/TR/xhtml1/DTD/xhtml1-transitional.dtd">
<html xmlns="http://www.w3.org/1999/xhtml" xml:lang="en" lang="en">
 <head>
  <title>
</title>
<meta http-equiv="Content-Type" content="text/html;charset=utf-8" />
  <meta name='ocr-system' content='tesseract 3.04.00' />
  <meta name='ocr-capabilities' content='ocr_page ocr_carea ocr_par ocr_line ocrx_word'/>
</head>
<body>
  <div class='ocr_page' id='page_1' title='image "./frrogeribaconope00baco_0472.png"; bbox 0 0 1964 3259; ppageno 0'>
   <div class='ocr_carea' id='block_1_1' title="bbox 365 277 1267 317">
    <p class='ocr_par' dir='ltr' id='par_1_1' title="bbox 365 277 1267 317">
     <span class='ocr_line' id='line_1_1' title="bbox 365 277 1267 317; baseline -0.002 -1"><span class='ocrx_word' id='word_1_1' title='bbox 365 277 451 317; x_wconf 76' lang='lat'>358</span> <span class='ocrx_word' id='word_1_2' title='bbox 873 283 1041 315; x_wconf 75' lang='lat' dir='ltr'>noGEffl</span> <span class='ocrx_word' id='word_1_3' title='bbox 1072 282 1267 315; x_wconf 72' lang='lat' dir='ltr'>BAooms</span> 
     </span>
    </p>
   </div>
   <div class='ocr_carea' id='block_1_2' title="bbox 360 401 1775 2717">
    <p class='ocr_par' dir='ltr' id='par_1_2' title="bbox 361 401 1775 1628">
     <span class='ocr_line' id='line_1_2' title="bbox 364 401 1773 458; baseline -0.003 -11"><span class='ocrx_word' id='word_1_4' title='bbox 364 421 443 447; x_wconf 84' lang='lat' dir='ltr'>sua</span> <span class='ocrx_word' id='word_1_5' title='bbox 486 405 656 447; x_wconf 86' lang='lat' dir='ltr'>utilitas</span> <span class='ocrx_word' id='word_1_6' title='bbox 689 402 890 445; x_wconf 85' lang='lat' dir='ltr'>consistit</span> <span class='ocrx_word' id='word_1_7' title='bbox 936 402 984 442; x_wconf 89' lang='lat' dir='ltr'>in</span> <span class='ocrx_word' id='word_1_8' title='bbox 1031 404 1247 457; x_wconf 87' lang='lat' dir='ltr'>quantum</span> <span class='ocrx_word' id='word_1_9' title='bbox 1291 401 1524 458; x_wconf 72' lang='lat' dir='ltr'>theologice</span> <span class='ocrx_word' id='word_1_10' title='bbox 1570 402 1773 452; x_wconf 82' lang='lat' dir='ltr'>deservit,</span> 
     </span>
     <span class='ocr_line' id='line_1_3' title="bbox 362 470 1771 530; baseline -0.003 -14"><span class='ocrx_word' id='word_1_11' title='bbox 362 478 494 530; x_wconf 83' lang='lat' dir='ltr'>atque</span> <span class='ocrx_word' id='word_1_12' title='bbox 516 488 595 515; x_wconf 86' lang='lat' dir='ltr'>sua</span> <span class='ocrx_word' id='word_1_13' title='bbox 616 473 808 528; x_wconf 86' lang='lat' dir='ltr'>dignitas</span> <span class='ocrx_word' id='word_1_14' title='bbox 830 475 937 513; x_wconf 92' lang='lat' dir='ltr'>tunc</span> <span class='ocrx_word' id='word_1_15' title='bbox 969 470 1165 512; x_wconf 87' lang='lat' dir='ltr'>eluceret.</span> <span class='ocrx_word' id='word_1_16' title='bbox 1219 471 1338 512; x_wconf 85' lang='lat' dir='ltr'>Nam</span> <span class='ocrx_word' id='word_1_17' title='bbox 1368 471 1481 512; x_wconf 88' lang='lat' dir='ltr'>nihil</span> <span class='ocrx_word' id='word_1_18' title='bbox 1502 473 1569 513; x_wconf 85' lang='lat' dir='ltr'>est</span> <span class='ocrx_word' id='word_1_19' title='bbox 1592 470 1771 527; x_wconf 86' lang='lat' dir='ltr'>dignum</span> 
     </span>
     <span class='ocr_line' id='line_1_4' title="bbox 362 539 1774 596; baseline -0.004 -11"><span class='ocrx_word' id='word_1_20' title='bbox 362 543 409 584; x_wconf 89' lang='lat' dir='ltr'>in</span> <span class='ocrx_word' id='word_1_21' title='bbox 443 558 494 585; x_wconf 88' lang='lat' dir='ltr'>ea</span> <span class='ocrx_word' id='word_1_22' title='bbox 524 542 610 583; x_wconf 88' lang='lat' dir='ltr'>nisi</span> <span class='ocrx_word' id='word_1_23' title='bbox 652 540 769 596; x_wconf 85' lang='lat' dir='ltr'>quod</span> <span class='ocrx_word' id='word_1_24' title='bbox 800 554 919 582; x_wconf 85' lang='lat' dir='ltr'>sacra</span> <span class='ocrx_word' id='word_1_25' title='bbox 962 539 1045 580; x_wconf 86' lang='lat' dir='ltr'>Dei</span> <span class='ocrx_word' id='word_1_26' title='bbox 1077 539 1294 595; x_wconf 71' lang='lat' dir='ltr'>sapientia</span> <span class='ocrx_word' id='word_1_27' title='bbox 1333 539 1522 595; x_wconf 88' lang='lat' dir='ltr'>recipere</span> <span class='ocrx_word' id='word_1_28' title='bbox 1554 539 1774 595; x_wconf 88' lang='lat' dir='ltr'>dignatur.</span> 
     </span>
     <span class='ocr_line' id='line_1_5' title="bbox 363 608 1772 668; baseline -0.005 -13"><span class='ocrx_word' id='word_1_29' title='bbox 363 614 476 656; x_wconf 82' lang='lat' dir='ltr'>Cum</span> <span class='ocrx_word' id='word_1_30' title='bbox 498 612 638 668; x_wconf 86' lang='lat' dir='ltr'>igitur</span> <span class='ocrx_word' id='word_1_31' title='bbox 658 611 706 650; x_wconf 88' lang='lat' dir='ltr'>in</span> <span class='ocrx_word' id='word_1_32' title='bbox 729 609 956 664; x_wconf 80' lang='lat' dir='ltr'>Scriptura</span> <span class='ocrx_word' id='word_1_33' title='bbox 978 611 1169 663; x_wconf 85' lang='lat' dir='ltr'>ponatur</span> <span class='ocrx_word' id='word_1_34' title='bbox 1189 623 1267 658; x_wconf 87' lang='lat' dir='ltr'>res,</span> <span class='ocrx_word' id='word_1_35' title='bbox 1303 623 1329 649; x_wconf 88' lang='lat' dir='ltr'>a</span> <span class='ocrx_word' id='word_1_36' title='bbox 1350 608 1532 649; x_wconf 87' lang='lat' dir='ltr'>summis</span> <span class='ocrx_word' id='word_1_37' title='bbox 1565 608 1772 650; x_wconf 86' lang='lat' dir='ltr'>coelorum</span> 
     </span>
     <span class='ocr_line' id='line_1_6' title="bbox 361 676 1774 738; baseline -0.004 -14"><span class='ocrx_word' id='word_1_38' title='bbox 361 696 498 738; x_wconf 85' lang='lat' dir='ltr'>usque</span> <span class='ocrx_word' id='word_1_39' title='bbox 551 680 607 721; x_wconf 92' lang='lat' dir='ltr'>ad</span> <span class='ocrx_word' id='word_1_40' title='bbox 658 677 869 720; x_wconf 85' lang='lat' dir='ltr'>terminos</span> <span class='ocrx_word' id='word_1_41' title='bbox 921 691 1080 727; x_wconf 87' lang='lat' dir='ltr'>eorum,</span> <span class='ocrx_word' id='word_1_42' title='bbox 1116 680 1291 733; x_wconf 87' lang='lat' dir='ltr'>oportet</span> <span class='ocrx_word' id='word_1_43' title='bbox 1352 676 1605 733; x_wconf 86' lang='lat' dir='ltr'>theologum</span> <span class='ocrx_word' id='word_1_44' title='bbox 1667 677 1774 718; x_wconf 85' lang='lat' dir='ltr'>scire</span> 
     </span>
     <span class='ocr_line' id='line_1_7' title="bbox 362 744 1774 803; baseline -0.005 -10"><span class='ocrx_word' id='word_1_45' title='bbox 362 750 520 800; x_wconf 84' lang='lat' dir='ltr'>omnia,</span> <span class='ocrx_word' id='word_1_46' title='bbox 566 749 601 790; x_wconf 90' lang='lat' dir='ltr'>si</span> <span class='ocrx_word' id='word_1_47' title='bbox 642 747 886 803; x_wconf 86' lang='lat' dir='ltr'>intelligere</span> <span class='ocrx_word' id='word_1_48' title='bbox 929 746 1060 787; x_wconf 89' lang='lat' dir='ltr'>debet</span> <span class='ocrx_word' id='word_1_49' title='bbox 1103 744 1376 801; x_wconf 79' lang='lat' dir='ltr'>Scripturam</span> <span class='ocrx_word' id='word_1_50' title='bbox 1424 745 1509 786; x_wconf 90' lang='lat' dir='ltr'>Dei</span> <span class='ocrx_word' id='word_1_51' title='bbox 1554 745 1774 801; x_wconf 82' lang='lat' dir='ltr'>plenarie3</span> 
     </span>
     <span class='ocr_line' id='line_1_8' title="bbox 363 813 1774 870; baseline -0.004 -9"><span class='ocrx_word' id='word_1_52' title='bbox 363 823 408 862; x_wconf 87' lang='lat' dir='ltr'>et</span> <span class='ocrx_word' id='word_1_53' title='bbox 439 817 628 860; x_wconf 77' lang='lat' dir='ltr'>maxime</span> <span class='ocrx_word' id='word_1_54' title='bbox 660 815 864 866; x_wconf 85' lang='lat' dir='ltr'>coelestia,</span> <span class='ocrx_word' id='word_1_55' title='bbox 899 815 1002 870; x_wconf 84' lang='lat' dir='ltr'>quia</span> <span class='ocrx_word' id='word_1_56' title='bbox 1032 814 1108 855; x_wconf 87' lang='lat' dir='ltr'>illa</span> <span class='ocrx_word' id='word_1_57' title='bbox 1144 814 1363 856; x_wconf 80' lang='lat' dir='ltr'>nobiliora</span> <span class='ocrx_word' id='word_1_58' title='bbox 1394 817 1509 856; x_wconf 85' lang='lat' dir='ltr'>sunt.</span> <span class='ocrx_word' id='word_1_59' title='bbox 1574 814 1634 855; x_wconf 90' lang='lat' dir='ltr'>Et</span> <span class='ocrx_word' id='word_1_60' title='bbox 1671 813 1774 869; x_wconf 82' lang='lat' dir='ltr'>quia</span> 
     </span>
     <span class='ocr_line' id='line_1_9' title="bbox 363 883 1773 941; baseline -0.005 -11"><span class='ocrx_word' id='word_1_61' title='bbox 363 902 484 931; x_wconf 81' lang='lat' dir='ltr'>sacra</span> <span class='ocrx_word' id='word_1_62' title='bbox 515 885 733 941; x_wconf 85' lang='lat' dir='ltr'>sapientia</span> <span class='ocrx_word' id='word_1_63' title='bbox 764 883 950 925; x_wconf 87' lang='lat' dir='ltr'>coelestis</span> <span class='ocrx_word' id='word_1_64' title='bbox 984 886 1062 933; x_wconf 86' lang='lat' dir='ltr'>est,</span> <span class='ocrx_word' id='word_1_65' title='bbox 1096 886 1140 924; x_wconf 91' lang='lat' dir='ltr'>et</span> <span class='ocrx_word' id='word_1_66' title='bbox 1178 883 1284 937; x_wconf 84' lang='lat' dir='ltr'>quia</span> <span class='ocrx_word' id='word_1_67' title='bbox 1316 883 1589 924; x_wconf 87' lang='lat' dir='ltr'>conversatio</span> <span class='ocrx_word' id='word_1_68' title='bbox 1621 885 1773 924; x_wconf 85' lang='lat' dir='ltr'>nostra</span> 
     </span>
     <span class='ocr_line' id='line_1_10' title="bbox 362 951 1773 1007; baseline -0.005 -8"><span class='ocrx_word' id='word_1_69' title='bbox 362 958 409 999; x_wconf 92' lang='lat' dir='ltr'>in</span> <span class='ocrx_word' id='word_1_70' title='bbox 456 955 575 998; x_wconf 80' lang='lat' dir='ltr'>coelis</span> <span class='ocrx_word' id='word_1_71' title='bbox 619 953 751 995; x_wconf 88' lang='lat' dir='ltr'>debet</span> <span class='ocrx_word' id='word_1_72' title='bbox 795 967 897 1003; x_wconf 81' lang='lat' dir='ltr'>esse,</span> <span class='ocrx_word' id='word_1_73' title='bbox 931 955 975 993; x_wconf 87' lang='lat' dir='ltr'>et</span> <span class='ocrx_word' id='word_1_74' title='bbox 1019 951 1121 1006; x_wconf 86' lang='lat' dir='ltr'>quia</span> <span class='ocrx_word' id='word_1_75' title='bbox 1152 952 1349 1007; x_wconf 83' lang='lat' dir='ltr'>proprius</span> <span class='ocrx_word' id='word_1_76' title='bbox 1392 951 1512 993; x_wconf 87' lang='lat' dir='ltr'>locus</span> <span class='ocrx_word' id='word_1_77' title='bbox 1548 953 1697 992; x_wconf 86' lang='lat' dir='ltr'>noster</span> <span class='ocrx_word' id='word_1_78' title='bbox 1729 954 1773 992; x_wconf 86' lang='lat' dir='ltr'>et</span> 
     </span>
     <span class='ocr_line' id='line_1_11' title="bbox 362 1018 1771 1082; baseline -0.005 -15"><span class='ocrx_word' id='word_1_79' title='bbox 362 1025 509 1082; x_wconf 85' lang='lat' dir='ltr'>patria</span> <span class='ocrx_word' id='word_1_80' title='bbox 551 1024 599 1064; x_wconf 91' lang='lat' dir='ltr'>in</span> <span class='ocrx_word' id='word_1_81' title='bbox 630 1022 750 1064; x_wconf 88' lang='lat' dir='ltr'>coelis</span> <span class='ocrx_word' id='word_1_82' title='bbox 781 1023 1095 1076; x_wconf 81' lang='lat' dir='ltr'>praeparantur,</span> <span class='ocrx_word' id='word_1_83' title='bbox 1130 1024 1175 1062; x_wconf 91' lang='lat' dir='ltr'>et</span> <span class='ocrx_word' id='word_1_84' title='bbox 1217 1023 1397 1076; x_wconf 84' lang='lat' dir='ltr'>propter</span> <span class='ocrx_word' id='word_1_85' title='bbox 1428 1020 1590 1061; x_wconf 82' lang='lat' dir='ltr'>inultas</span> <span class='ocrx_word' id='word_1_86' title='bbox 1621 1018 1771 1074; x_wconf 84' lang='lat' dir='ltr'>hujus-</span> 
     </span>
     <span class='ocr_line' id='line_1_12' title="bbox 364 1088 1775 1144; baseline -0.005 -10"><span class='ocrx_word' id='word_1_87' title='bbox 364 1093 482 1135; x_wconf 80' lang='lat' dir='ltr'>modi</span> <span class='ocrx_word' id='word_1_88' title='bbox 503 1091 693 1133; x_wconf 69' lang='lat' dir='ltr'>rationes</span> <span class='ocrx_word' id='word_1_89' title='bbox 730 1092 772 1131; x_wconf 79' lang='grc'>01</span> <span class='ocrx_word' id='word_1_90' title='bbox 805 1088 1101 1137; x_wconf 86' lang='lat' dir='ltr'>auctoritates,</span> <span class='ocrx_word' id='word_1_91' title='bbox 1134 1091 1187 1129; x_wconf 92' lang='lat' dir='ltr'>ut</span> <span class='ocrx_word' id='word_1_92' title='bbox 1217 1092 1352 1144; x_wconf 87' lang='lat' dir='ltr'>tango</span> <span class='ocrx_word' id='word_1_93' title='bbox 1383 1088 1431 1129; x_wconf 92' lang='lat' dir='ltr'>in</span> <span class='ocrx_word' id='word_1_94' title='bbox 1460 1092 1585 1144; x_wconf 84' lang='lat' dir='ltr'>parte</span> <span class='ocrx_word' id='word_1_95' title='bbox 1617 1091 1775 1143; x_wconf 84' lang='lat' dir='ltr'>quarta</span> 
     </span>
     <span class='ocr_line' id='line_1_13' title="bbox 364 1153 1773 1216; baseline -0.006 -12"><span class='ocrx_word' id='word_1_96' title='bbox 364 1163 417 1204; x_wconf 91' lang='lat' dir='ltr'>de</span> <span class='ocrx_word' id='word_1_97' title='bbox 439 1153 762 1216; x_wconf 80' lang='lat' dir='ltr'>comparatione</span> <span class='ocrx_word' id='word_1_98' title='bbox 784 1156 1106 1198; x_wconf 56' lang='lat' dir='ltr'>mathematica}</span> <span class='ocrx_word' id='word_1_99' title='bbox 1129 1157 1185 1197; x_wconf 84' lang='lat' dir='ltr'>ad</span> <span class='ocrx_word' id='word_1_100' title='bbox 1216 1156 1494 1212; x_wconf 69' lang='lat' dir='ltr'>theologiam,</span> <span class='ocrx_word' id='word_1_101' title='bbox 1516 1157 1673 1198; x_wconf 90' lang='lat' dir='ltr'>deinde</span> <span class='ocrx_word' id='word_1_102' title='bbox 1694 1170 1773 1197; x_wconf 88' lang='lat' dir='ltr'>nos</span> 
     </span>
     <span class='ocr_line' id='line_1_14' title="bbox 364 1224 1772 1287; baseline -0.006 -13"><span class='ocrx_word' id='word_1_103' title='bbox 364 1233 537 1287; x_wconf 87' lang='lat' dir='ltr'>oportet</span> <span class='ocrx_word' id='word_1_104' title='bbox 568 1229 673 1271; x_wconf 86' lang='lat' dir='ltr'>scire</span> <span class='ocrx_word' id='word_1_105' title='bbox 706 1230 903 1282; x_wconf 83' lang='lat' dir='ltr'>tempora</span> <span class='ocrx_word' id='word_1_106' title='bbox 931 1228 1110 1281; x_wconf 87' lang='lat' dir='ltr'>propter</span> <span class='ocrx_word' id='word_1_107' title='bbox 1131 1225 1335 1266; x_wconf 86' lang='lat' dir='ltr'>historias</span> <span class='ocrx_word' id='word_1_108' title='bbox 1357 1224 1501 1267; x_wconf 68' lang='lat' dir='ltr'>Sacrae</span> <span class='ocrx_word' id='word_1_109' title='bbox 1524 1225 1772 1280; x_wconf 82' lang='lat' dir='ltr'>Scripturae.</span> 
     </span>
     <span class='ocr_line' id='line_1_15' title="bbox 367 1293 1773 1355; baseline -0.006 -13"><span class='ocrx_word' id='word_1_110' title='bbox 367 1301 453 1343; x_wconf 79' lang='lat' dir='ltr'>Sed</span> <span class='ocrx_word' id='word_1_111' title='bbox 484 1297 759 1355; x_wconf 76' lang='lat' dir='ltr'>philosophia</span> <span class='ocrx_word' id='word_1_112' title='bbox 790 1296 882 1337; x_wconf 79' lang='lat' dir='ltr'>haec</span> <span class='ocrx_word' id='word_1_113' title='bbox 909 1294 1131 1344; x_wconf 83' lang='lat' dir='ltr'>certificat,</span> <span class='ocrx_word' id='word_1_114' title='bbox 1165 1294 1277 1336; x_wconf 86' lang='lat' dir='ltr'>sicut</span> <span class='ocrx_word' id='word_1_115' title='bbox 1309 1294 1491 1336; x_wconf 89' lang='lat' dir='ltr'>ostendo</span> <span class='ocrx_word' id='word_1_116' title='bbox 1533 1293 1580 1334; x_wconf 88' lang='lat' dir='ltr'>in</span> <span class='ocrx_word' id='word_1_117' title='bbox 1622 1293 1773 1335; x_wconf 85' lang='lat' dir='ltr'>eadem</span> 
     </span>
     <span class='ocr_line' id='line_1_16' title="bbox 364 1361 1774 1425; baseline -0.006 -15"><span class='ocrx_word' id='word_1_118' title='bbox 364 1372 496 1425; x_wconf 86' lang='lat' dir='ltr'>parte.</span> <span class='ocrx_word' id='word_1_119' title='bbox 561 1366 709 1408; x_wconf 90' lang='lat' dir='ltr'>Tertio</span> <span class='ocrx_word' id='word_1_120' title='bbox 743 1367 918 1421; x_wconf 89' lang='lat' dir='ltr'>oportet</span> <span class='ocrx_word' id='word_1_121' title='bbox 950 1363 1066 1419; x_wconf 86' lang='lat' dir='ltr'>quod</span> <span class='ocrx_word' id='word_1_122' title='bbox 1098 1363 1192 1404; x_wconf 87' lang='lat' dir='ltr'>loca</span> <span class='ocrx_word' id='word_1_123' title='bbox 1222 1362 1377 1404; x_wconf 86' lang='lat' dir='ltr'>mundi</span> <span class='ocrx_word' id='word_1_124' title='bbox 1418 1362 1625 1412; x_wconf 87' lang='lat' dir='ltr'>sciantur,</span> <span class='ocrx_word' id='word_1_125' title='bbox 1671 1361 1774 1417; x_wconf 83' lang='lat' dir='ltr'>quia</span> 
     </span>
     <span class='ocr_line' id='line_1_17' title="bbox 362 1431 1775 1489; baseline -0.006 -9"><span class='ocrx_word' id='word_1_126' title='bbox 362 1441 486 1480; x_wconf 91' lang='lat' dir='ltr'>totus</span> <span class='ocrx_word' id='word_1_127' title='bbox 527 1450 676 1478; x_wconf 85' lang='lat' dir='ltr'>cursus</span> <span class='ocrx_word' id='word_1_128' title='bbox 709 1433 946 1489; x_wconf 81' lang='lat' dir='ltr'>Scripturae</span> <span class='ocrx_word' id='word_1_129' title='bbox 990 1432 1127 1474; x_wconf 86' lang='lat' dir='ltr'>currit</span> <span class='ocrx_word' id='word_1_130' title='bbox 1172 1446 1303 1487; x_wconf 86' lang='lat' dir='ltr'>penes</span> <span class='ocrx_word' id='word_1_131' title='bbox 1345 1431 1467 1482; x_wconf 81' lang='lat' dir='ltr'>haec3</span> <span class='ocrx_word' id='word_1_132' title='bbox 1508 1434 1553 1473; x_wconf 91' lang='lat' dir='ltr'>et</span> <span class='ocrx_word' id='word_1_133' title='bbox 1596 1432 1775 1486; x_wconf 89' lang='lat' dir='ltr'>propter</span> 
     </span>
     <span class='ocr_line' id='line_1_18' title="bbox 363 1498 1773 1559; baseline -0.006 -12"><span class='ocrx_word' id='word_1_134' title='bbox 363 1507 457 1548; x_wconf 66' lang='lat' dir='ltr'>haec</span> <span class='ocrx_word' id='word_1_135' title='bbox 490 1505 695 1559; x_wconf 78' lang='lat' dir='ltr'>descripsi</span> <span class='ocrx_word' id='word_1_136' title='bbox 725 1503 818 1545; x_wconf 63' lang='lat' dir='ltr'>haec</span> <span class='ocrx_word' id='word_1_137' title='bbox 858 1501 952 1543; x_wconf 87' lang='lat' dir='ltr'>loca</span> <span class='ocrx_word' id='word_1_138' title='bbox 982 1501 1030 1542; x_wconf 90' lang='lat' dir='ltr'>in</span> <span class='ocrx_word' id='word_1_139' title='bbox 1062 1499 1314 1551; x_wconf 75' lang='lat' dir='ltr'>universali,</span> <span class='ocrx_word' id='word_1_140' title='bbox 1348 1503 1394 1542; x_wconf 93' lang='lat' dir='ltr'>et</span> <span class='ocrx_word' id='word_1_141' title='bbox 1429 1499 1476 1540; x_wconf 91' lang='lat' dir='ltr'>in</span> <span class='ocrx_word' id='word_1_142' title='bbox 1507 1498 1773 1555; x_wconf 85' lang='lat' dir='ltr'>particulari,</span> 
     </span>
     <span class='ocr_line' id='line_1_19' title="bbox 364 1570 1075 1628; baseline -0.011 -11"><span class='ocrx_word' id='word_1_143' title='bbox 364 1578 408 1617; x_wconf 93' lang='lat' dir='ltr'>et</span> <span class='ocrx_word' id='word_1_144' title='bbox 439 1573 696 1628; x_wconf 84' lang='lat' dir='ltr'>astrologice</span> <span class='ocrx_word' id='word_1_145' title='bbox 728 1574 772 1612; x_wconf 88' lang='lat' dir='ltr'>et</span> <span class='ocrx_word' id='word_1_146' title='bbox 803 1570 1075 1612; x_wconf 85' lang='lat' dir='ltr'>naturaliter.</span> 
     </span>
    </p>

    <p class='ocr_par' dir='ltr' id='par_1_3' title="bbox 360 1636 1771 2717">
     <span class='ocr_line' id='line_1_20' title="bbox 422 1636 1771 1695; baseline -0.004 -12"><span class='ocrx_word' id='word_1_147' title='bbox 422 1641 594 1684; x_wconf 88' lang='lat' dir='ltr'>Deinde</span> <span class='ocrx_word' id='word_1_148' title='bbox 639 1642 810 1695; x_wconf 87' lang='lat' dir='ltr'>oportet</span> <span class='ocrx_word' id='word_1_149' title='bbox 857 1638 974 1693; x_wconf 72' lang='lat' dir='ltr'>quod</span> <span class='ocrx_word' id='word_1_150' title='bbox 1021 1637 1216 1678; x_wconf 76' lang='lat' dir='ltr'>sciantur</span> <span class='ocrx_word' id='word_1_151' title='bbox 1261 1636 1446 1688; x_wconf 85' lang='lat' dir='ltr'>numeri,</span> <span class='ocrx_word' id='word_1_152' title='bbox 1479 1636 1572 1678; x_wconf 89' lang='lat' dir='ltr'>sine</span> <span class='ocrx_word' id='word_1_153' title='bbox 1614 1636 1771 1692; x_wconf 89' lang='lat' dir='ltr'>quibus</span> 
     </span>
     <span class='ocr_line' id='line_1_21' title="bbox 362 1704 1769 1766; baseline -0.005 -13"><span class='ocrx_word' id='word_1_154' title='bbox 362 1711 475 1753; x_wconf 87' lang='lat' dir='ltr'>nihil</span> <span class='ocrx_word' id='word_1_155' title='bbox 506 1712 648 1766; x_wconf 84' lang='lat' dir='ltr'>potest</span> <span class='ocrx_word' id='word_1_156' title='bbox 681 1708 778 1749; x_wconf 83' lang='lat' dir='ltr'>sciri</span> <span class='ocrx_word' id='word_1_157' title='bbox 821 1705 889 1747; x_wconf 92' lang='lat' dir='ltr'>inl</span> <span class='ocrx_word' id='word_1_158' title='bbox 946 1705 1184 1761; x_wconf 73' lang='lat' dir='ltr'>Scriptura,</span> <span class='ocrx_word' id='word_1_159' title='bbox 1228 1707 1280 1746; x_wconf 93' lang='lat' dir='ltr'>ut</span> <span class='ocrx_word' id='word_1_160' title='bbox 1322 1705 1448 1747; x_wconf 86' lang='lat' dir='ltr'>docet</span> <span class='ocrx_word' id='word_1_161' title='bbox 1489 1704 1769 1760; x_wconf 82' lang='lat' dir='ltr'>Augustinus</span> 
     </span>
     <span class='ocr_line' id='line_1_22' title="bbox 363 1773 1768 1829; baseline -0.005 -8"><span class='ocrx_word' id='word_1_162' title='bbox 363 1783 408 1822; x_wconf 91' lang='lat' dir='ltr'>et</span> <span class='ocrx_word' id='word_1_163' title='bbox 441 1779 515 1820; x_wconf 82' lang='lat' dir='ltr'>alii</span> <span class='ocrx_word' id='word_1_164' title='bbox 559 1776 711 1826; x_wconf 86' lang='lat' dir='ltr'>sancti,</span> <span class='ocrx_word' id='word_1_165' title='bbox 746 1776 858 1817; x_wconf 89' lang='lat' dir='ltr'>sicut</span> <span class='ocrx_word' id='word_1_166' title='bbox 905 1774 1045 1816; x_wconf 87' lang='lat' dir='ltr'>scribo</span> <span class='ocrx_word' id='word_1_167' title='bbox 1092 1773 1139 1814; x_wconf 90' lang='lat' dir='ltr'>in</span> <span class='ocrx_word' id='word_1_168' title='bbox 1171 1773 1246 1814; x_wconf 85' lang='lat' dir='ltr'>illa</span> <span class='ocrx_word' id='word_1_169' title='bbox 1280 1776 1402 1829; x_wconf 85' lang='lat' dir='ltr'>parte</span> <span class='ocrx_word' id='word_1_170' title='bbox 1449 1773 1502 1814; x_wconf 88' lang='lat' dir='ltr'>de</span> <span class='ocrx_word' id='word_1_171' title='bbox 1549 1788 1768 1829; x_wconf 83' lang='lat' dir='ltr'>compara-</span> 
     </span>
     <span class='ocr_line' id='line_1_23' title="bbox 361 1842 1771 1898; baseline -0.005 -8"><span class='ocrx_word' id='word_1_172' title='bbox 361 1849 482 1890; x_wconf 90' lang='lat' dir='ltr'>tione</span> <span class='ocrx_word' id='word_1_173' title='bbox 549 1859 832 1887; x_wconf 81' lang='lat' dir='ltr'>numerorum</span> <span class='ocrx_word' id='word_1_174' title='bbox 884 1843 940 1884; x_wconf 86' lang='lat' dir='ltr'>ad</span> <span class='ocrx_word' id='word_1_175' title='bbox 993 1842 1294 1897; x_wconf 78' lang='lat' dir='ltr'>Scripturam:</span> <span class='ocrx_word' id='word_1_176' title='bbox 1358 1844 1404 1884; x_wconf 92' lang='lat' dir='ltr'>et</span> <span class='ocrx_word' id='word_1_177' title='bbox 1443 1844 1596 1898; x_wconf 84' lang='lat' dir='ltr'>postea</span> <span class='ocrx_word' id='word_1_178' title='bbox 1655 1842 1771 1897; x_wconf 88' lang='lat' dir='ltr'>quod</span> 
     </span>
     <span class='ocr_line' id='line_1_24' title="bbox 362 1910 1771 1964; baseline -0.005 -6"><span class='ocrx_word' id='word_1_179' title='bbox 362 1917 557 1958; x_wconf 83' lang='lat' dir='ltr'>sciantur</span> <span class='ocrx_word' id='word_1_180' title='bbox 588 1913 824 1964; x_wconf 82' lang='lat' dir='ltr'>musicalia,</span> <span class='ocrx_word' id='word_1_181' title='bbox 849 1912 960 1953; x_wconf 86' lang='lat' dir='ltr'>sicut</span> <span class='ocrx_word' id='word_1_182' title='bbox 988 1911 1129 1952; x_wconf 79' lang='lat' dir='ltr'>sancti</span> <span class='ocrx_word' id='word_1_183' title='bbox 1157 1911 1326 1961; x_wconf 84' lang='lat' dir='ltr'>docent,</span> <span class='ocrx_word' id='word_1_184' title='bbox 1350 1910 1486 1952; x_wconf 82' lang='lat' dir='ltr'>etiam</span> <span class='ocrx_word' id='word_1_185' title='bbox 1514 1911 1694 1952; x_wconf 85' lang='lat' dir='ltr'>ostendo</span> <span class='ocrx_word' id='word_1_186' title='bbox 1723 1910 1771 1951; x_wconf 87' lang='lat' dir='ltr'>in</span> 
     </span>
     <span class='ocr_line' id='line_1_25' title="bbox 361 1979 1771 2041; baseline -0.005 -14"><span class='ocrx_word' id='word_1_187' title='bbox 361 1986 438 2027; x_wconf 84' lang='lat' dir='ltr'>ill&#39;a</span> <span class='ocrx_word' id='word_1_188' title='bbox 469 1987 606 2041; x_wconf 83' lang='lat' dir='ltr'>parte.</span> <span class='ocrx_word' id='word_1_189' title='bbox 668 1982 838 2024; x_wconf 87' lang='lat' dir='ltr'>Deinde</span> <span class='ocrx_word' id='word_1_190' title='bbox 869 1980 1194 2037; x_wconf 83' lang='lat' dir='ltr'>geometricalia</span> <span class='ocrx_word' id='word_1_191' title='bbox 1225 1994 1354 2035; x_wconf 85' lang='lat' dir='ltr'>super</span> <span class='ocrx_word' id='word_1_192' title='bbox 1390 1979 1537 2021; x_wconf 87' lang='lat' dir='ltr'>omnia</span> <span class='ocrx_word' id='word_1_193' title='bbox 1568 1979 1685 2032; x_wconf 77' lang='lat' dir='ltr'>haec3</span> <span class='ocrx_word' id='word_1_194' title='bbox 1718 1982 1771 2020; x_wconf 93' lang='lat' dir='ltr'>ut</span> 
     </span>
     <span class='ocr_line' id='line_1_26' title="bbox 361 2047 1770 2104; baseline -0.005 -9"><span class='ocrx_word' id='word_1_195' title='bbox 361 2069 461 2095; x_wconf 84' lang='lat' dir='ltr'>arca</span> <span class='ocrx_word' id='word_1_196' title='bbox 494 2053 618 2104; x_wconf 65' lang='lat' dir='ltr'>Noae,</span> <span class='ocrx_word' id='word_1_197' title='bbox 648 2050 979 2093; x_wconf 85' lang='lat' dir='ltr'>tabernaculum</span> <span class='ocrx_word' id='word_1_198' title='bbox 1011 2064 1108 2091; x_wconf 78' lang='lat' dir='ltr'>cuni</span> <span class='ocrx_word' id='word_1_199' title='bbox 1141 2049 1342 2090; x_wconf 87' lang='lat' dir='ltr'>omnibus</span> <span class='ocrx_word' id='word_1_200' title='bbox 1374 2047 1639 2104; x_wconf 83' lang='lat' dir='ltr'>appenditiis</span> <span class='ocrx_word' id='word_1_201' title='bbox 1670 2048 1770 2099; x_wconf 87' lang='lat' dir='ltr'>suis,</span> 
     </span>
     <span class='ocr_line' id='line_1_27' title="bbox 362 2117 1770 2178; baseline -0.005 -13"><span class='ocrx_word' id='word_1_202' title='bbox 362 2126 407 2165; x_wconf 84' lang='lat' dir='ltr'>et</span> <span class='ocrx_word' id='word_1_203' title='bbox 438 2122 653 2178; x_wconf 83' lang='lat' dir='ltr'>templum</span> <span class='ocrx_word' id='word_1_204' title='bbox 682 2119 928 2161; x_wconf 80' lang='lat' dir='ltr'>Salomonis</span> <span class='ocrx_word' id='word_1_205' title='bbox 959 2121 1004 2160; x_wconf 88' lang='lat' dir='ltr'>et</span> <span class='ocrx_word' id='word_1_206' title='bbox 1036 2118 1237 2160; x_wconf 87' lang='lat' dir='ltr'>Ezechiel</span> <span class='ocrx_word' id='word_1_207' title='bbox 1268 2117 1570 2159; x_wconf 84' lang='lat' dir='ltr'>describantur</span> <span class='ocrx_word' id='word_1_208' title='bbox 1600 2117 1648 2158; x_wconf 89' lang='lat' dir='ltr'>in</span> <span class='ocrx_word' id='word_1_209' title='bbox 1679 2132 1770 2159; x_wconf 91' lang='lat' dir='ltr'>cor-</span> 
     </span>
     <span class='ocr_line' id='line_1_28' title="bbox 361 2176 1770 2247; baseline -0.004 -14"><span class='ocrx_word' id='word_1_210' title='bbox 361 2191 541 2247; x_wconf 84' lang='lat' dir='ltr'>poribus</span> <span class='ocrx_word' id='word_1_211' title='bbox 573 2188 812 2231; x_wconf 82' lang='lat' dir='ltr'>secundum</span> <span class='ocrx_word' id='word_1_212' title='bbox 860 2221 868 2230; x_wconf 88' lang='lat'><strong>.</strong></span> <span class='ocrx_word' id='word_1_213' title='bbox 913 2220 922 2229; x_wconf 79' lang='grc'><strong>.</strong></span> <span class='ocrx_word' id='word_1_214' title='bbox 961 2221 969 2229; x_wconf 95' lang='grc'><em>.</em></span> <span class='ocrx_word' id='word_1_215' title='bbox 1002 2186 1087 2228; x_wconf 80' lang='lat' dir='ltr'>ais2</span> <span class='ocrx_word' id='word_1_216' title='bbox 1119 2176 1369 2242; x_wconf 84' lang='lat' dir='ltr'>corporibus</span> <span class='ocrx_word' id='word_1_217' title='bbox 1392 2185 1646 2242; x_wconf 79' lang='lat' dir='ltr'>Scripturae.</span> <span class='ocrx_word' id='word_1_218' title='bbox 1711 2187 1770 2228; x_wconf 87' lang='lat' dir='ltr'>Et</span> 
     </span>
     <span class='ocr_line' id='line_1_29' title="bbox 363 2254 1768 2313; baseline -0.003 -12"><span class='ocrx_word' id='word_1_219' title='bbox 363 2260 493 2301; x_wconf 83' lang='lat' dir='ltr'>aliter</span> <span class='ocrx_word' id='word_1_220' title='bbox 521 2257 788 2313; x_wconf 83' lang='lat' dir='ltr'>impossibile</span> <span class='ocrx_word' id='word_1_221' title='bbox 820 2259 887 2298; x_wconf 83' lang='lat' dir='ltr'>est</span> <span class='ocrx_word' id='word_1_222' title='bbox 920 2256 1036 2311; x_wconf 89' lang='lat' dir='ltr'>quod</span> <span class='ocrx_word' id='word_1_223' title='bbox 1067 2269 1216 2296; x_wconf 85' lang='lat' dir='ltr'>sensus</span> <span class='ocrx_word' id='word_1_224' title='bbox 1246 2254 1452 2296; x_wconf 83' lang='lat' dir='ltr'>litteralis</span> <span class='ocrx_word' id='word_1_225' title='bbox 1483 2255 1656 2307; x_wconf 85' lang='lat' dir='ltr'>sciatur,</span> <span class='ocrx_word' id='word_1_226' title='bbox 1689 2270 1768 2297; x_wconf 88' lang='lat' dir='ltr'>nec</span> 
     </span>
     <span class='ocr_line' id='line_1_30' title="bbox 362 2323 1768 2383; baseline -0.004 -14"><span class='ocrx_word' id='word_1_227' title='bbox 362 2342 439 2383; x_wconf 89' lang='lat' dir='ltr'>per</span> <span class='ocrx_word' id='word_1_228' title='bbox 459 2339 724 2380; x_wconf 87' lang='lat' dir='ltr'>consequens</span> <span class='ocrx_word' id='word_1_229' title='bbox 746 2324 993 2380; x_wconf 80' lang='lat' dir='ltr'>spiritualis.</span> <span class='ocrx_word' id='word_1_230' title='bbox 1047 2323 1165 2364; x_wconf 87' lang='lat' dir='ltr'>Etad</span> <span class='ocrx_word' id='word_1_231' title='bbox 1186 2323 1267 2365; x_wconf 91' lang='lat' dir='ltr'>hoc</span> <span class='ocrx_word' id='word_1_232' title='bbox 1286 2323 1598 2365; x_wconf 86' lang='lat' dir='ltr'>laboraverunt</span> <span class='ocrx_word' id='word_1_233' title='bbox 1629 2323 1768 2364; x_wconf 85' lang='lat' dir='ltr'>sancti</span> 
     </span>
     <span class='ocr_line' id='line_1_31' title="bbox 361 2391 1768 2448; baseline -0.003 -11"><span class='ocrx_word' id='word_1_234' title='bbox 361 2399 407 2437; x_wconf 86' lang='lat' dir='ltr'>et</span> <span class='ocrx_word' id='word_1_235' title='bbox 458 2394 632 2448; x_wconf 80' lang='lat' dir='ltr'>antiqui</span> <span class='ocrx_word' id='word_1_236' title='bbox 682 2393 910 2447; x_wconf 87' lang='lat' dir='ltr'>sapientes.</span> <span class='ocrx_word' id='word_1_237' title='bbox 979 2392 1038 2432; x_wconf 90' lang='lat' dir='ltr'>Et</span> <span class='ocrx_word' id='word_1_238' title='bbox 1090 2391 1185 2433; x_wconf 88' lang='lat' dir='ltr'>vidi</span> <span class='ocrx_word' id='word_1_239' title='bbox 1237 2392 1289 2433; x_wconf 92' lang='lat' dir='ltr'>de</span> <span class='ocrx_word' id='word_1_240' title='bbox 1340 2392 1419 2443; x_wconf 88' lang='lat' dir='ltr'>his,</span> <span class='ocrx_word' id='word_1_241' title='bbox 1461 2394 1506 2432; x_wconf 86' lang='lat' dir='ltr'>et</span> <span class='ocrx_word' id='word_1_242' title='bbox 1556 2391 1627 2433; x_wconf 88' lang='grc'><strong>1110</strong></span> <span class='ocrx_word' id='word_1_243' title='bbox 1678 2394 1768 2433; x_wconf 84' lang='lat' dir='ltr'>stat</span> 
     </span>
     <span class='ocr_line' id='line_1_32' title="bbox 361 2459 1766 2517; baseline -0.001 -13"><span class='ocrx_word' id='word_1_244' title='bbox 361 2461 622 2517; x_wconf 83' lang='lat' dir='ltr'>imaginatio</span> <span class='ocrx_word' id='word_1_245' title='bbox 667 2460 914 2515; x_wconf 79' lang='lat' dir='ltr'>Scripturae,</span> <span class='ocrx_word' id='word_1_246' title='bbox 948 2463 1000 2500; x_wconf 91' lang='lat' dir='ltr'>ut</span> <span class='ocrx_word' id='word_1_247' title='bbox 1041 2459 1227 2501; x_wconf 83' lang='lat' dir='ltr'>sciamus</span> <span class='ocrx_word' id='word_1_248' title='bbox 1258 2461 1385 2500; x_wconf 86' lang='lat' dir='ltr'>vetus</span> <span class='ocrx_word' id='word_1_249' title='bbox 1427 2461 1471 2500; x_wconf 90' lang='lat' dir='ltr'>et</span> <span class='ocrx_word' id='word_1_250' title='bbox 1513 2473 1688 2510; x_wconf 84' lang='lat' dir='ltr'>novum,</span> <span class='ocrx_word' id='word_1_251' title='bbox 1721 2463 1766 2502; x_wconf 86' lang='lat' dir='ltr'>et</span> 
     </span>
     <span class='ocr_line' id='line_1_33' title="bbox 361 2526 1766 2584; baseline -0.002 -11"><span class='ocrx_word' id='word_1_252' title='bbox 361 2531 591 2573; x_wconf 85' lang='lat' dir='ltr'>videamus</span> <span class='ocrx_word' id='word_1_253' title='bbox 636 2529 693 2570; x_wconf 86' lang='lat' dir='ltr'>ad</span> <span class='ocrx_word' id='word_1_254' title='bbox 745 2528 916 2570; x_wconf 87' lang='lat' dir='ltr'>oculum</span> <span class='ocrx_word' id='word_1_255' title='bbox 958 2527 1095 2568; x_wconf 85' lang='lat' dir='ltr'>ritum</span> <span class='ocrx_word' id='word_1_256' title='bbox 1152 2526 1301 2582; x_wconf 87' lang='lat' dir='ltr'>populi</span> <span class='ocrx_word' id='word_1_257' title='bbox 1346 2526 1421 2581; x_wconf 91' lang='grc'><strong>(1111</strong></span> <span class='ocrx_word' id='word_1_258' title='bbox 1477 2530 1580 2569; x_wconf 87' lang='lat' dir='ltr'>sunt</span> <span class='ocrx_word' id='word_1_259' title='bbox 1624 2528 1766 2584; x_wconf 85' lang='lat' dir='ltr'>figura</span> 
     </span>
     <span class='ocr_line' id='line_1_34' title="bbox 360 2595 1767 2653; baseline -0.001 -12"><span class='ocrx_word' id='word_1_260' title='bbox 360 2600 476 2642; x_wconf 87' lang='lat' dir='ltr'>novi.</span> <span class='ocrx_word' id='word_1_261' title='bbox 539 2598 764 2639; x_wconf 84' lang='lat' dir='ltr'>Postremo</span> <span class='ocrx_word' id='word_1_262' title='bbox 797 2596 957 2638; x_wconf 86' lang='lat' dir='ltr'>debent</span> <span class='ocrx_word' id='word_1_263' title='bbox 989 2595 1089 2637; x_wconf 87' lang='lat' dir='ltr'>sciri</span> <span class='ocrx_word' id='word_1_264' title='bbox 1121 2609 1268 2636; x_wconf 84' lang='lat' dir='ltr'>omnes</span> <span class='ocrx_word' id='word_1_265' title='bbox 1298 2598 1468 2637; x_wconf 75' lang='lat' dir='ltr'>naturae</span> <span class='ocrx_word' id='word_1_266' title='bbox 1501 2598 1546 2637; x_wconf 85' lang='lat' dir='ltr'>et</span> <span class='ocrx_word' id='word_1_267' title='bbox 1577 2598 1767 2653; x_wconf 85' lang='lat' dir='ltr'>proprie-</span> 
     </span>
     <span class='ocr_line' id='line_1_35' title="bbox 361 2664 1764 2717; baseline -0.003 -5"><span class='ocrx_word' id='word_1_268' title='bbox 361 2672 477 2712; x_wconf 86' lang='lat' dir='ltr'>tates</span> <span class='ocrx_word' id='word_1_269' title='bbox 523 2681 669 2710; x_wconf 85' lang='lat' dir='ltr'>rerum</span> <span class='ocrx_word' id='word_1_270' title='bbox 720 2665 985 2714; x_wconf 85' lang='lat' dir='ltr'>inferiorum,</span> <span class='ocrx_word' id='word_1_271' title='bbox 1040 2667 1091 2706; x_wconf 93' lang='lat' dir='ltr'>ut</span> <span class='ocrx_word' id='word_1_272' title='bbox 1142 2664 1466 2716; x_wconf 82' lang='lat' dir='ltr'>clementorum,</span> <span class='ocrx_word' id='word_1_273' title='bbox 1519 2665 1764 2717; x_wconf 87' lang='lat' dir='ltr'>humorum,</span> 
     </span>
    </p>
   </div>
   <div class='ocr_carea' id='block_1_3' title="bbox 364 2794 1763 2797">
    <p class='ocr_par' dir='ltr' id='par_1_4' title="bbox 364 2794 1763 2797">
     <span class='ocr_line' id='line_1_36' title="bbox 364 2794 1763 2797; baseline 0 0"><span class='ocrx_word' id='word_1_274' title='bbox 364 2794 1763 2797; x_wconf 95' lang='lat' dir='ltr'> </span> 
     </span>
    </p>
   </div>
   <div class='ocr_carea' id='block_1_4' title="bbox 410 2873 1496 2917">
    <p class='ocr_par' dir='ltr' id='par_1_5' title="bbox 410 2873 1496 2917">
     <span class='ocr_line' id='line_1_37' title="bbox 410 2873 1496 2917; baseline 0.002 -12"><span class='ocrx_word' id='word_1_275' title='bbox 410 2877 416 2893; x_wconf 88' lang='lat'><strong>¹</strong></span> <span class='ocrx_word' id='word_1_276' title='bbox 436 2875 487 2916; x_wconf 70' lang='lat' dir='ltr'>in]</span> <span class='ocrx_word' id='word_1_277' title='bbox 507 2874 586 2907; x_wconf 67' lang='lat' dir='ltr'>sine.</span> <span class='ocrx_word' id='word_1_278' title='bbox 604 2875 677 2907; x_wconf 81' lang='lat' dir='ltr'>MS.</span> <span class='ocrx_word' id='word_1_279' title='bbox 1095 2874 1107 2891; x_wconf 75' lang='lat'><strong>²</strong></span> <span class='ocrx_word' id='word_1_280' title='bbox 1129 2873 1315 2917; x_wconf 60' lang='lat' dir='ltr'>secundnm]</span> <span class='ocrx_word' id='word_1_281' title='bbox 1336 2874 1406 2914; x_wconf 66' lang='lat'>2³³³,</span> <span class='ocrx_word' id='word_1_282' title='bbox 1425 2874 1496 2907; x_wconf 75' lang='lat' dir='ltr'>MS.</span> 
     </span>
    </p>
   </div>
  </div>
 </body>
</html>
