1964 3259
116 668 145 699 F
148 668 261 700 urther

119 713 230 753 proofs
246 714 285 744 of

118 757 174 789 the
191 768 289 791 same.

343 258 430 300 492
846 265 1018 298 ROGERI
1049 263 1245 296 BAcoN1s
1637 255 1754 312 [CAP.

345 388 367 405 “
398 381 748 440 praecipiuntur?
810 382 896 425 Sed
927 382 1019 424 haec
1051 381 1140 423 tria
1183 381 1294 422 festa
1335 380 1381 422 in
1414 380 1642 422 lunatione
1674 381 1754 424 Oc-

341 452 481 494 tobris
524 452 599 508 qui
646 451 803 507 incipit
843 451 888 492 in
924 449 1174 506 Septembri
1220 449 1347 501 fiunt,
1380 452 1432 490 ut
1463 449 1644 505 planum
1676 452 1751 491 est.

343 520 488 577 Igitur
530 520 787 577 September
828 523 894 562 est
934 519 1036 560 finis
1067 518 1186 560 anni.
1250 517 1526 574 Quapropter
1568 516 1758 560 October

342 592 408 630 est
437 589 709 645 principium.

404 657 463 699 Et
491 657 572 698 hoc
599 656 812 712 probatur
840 669 916 711 per
937 657 1113 697 textum
1141 654 1295 696 multis
1316 653 1467 695 modis.
1501 653 1620 694 Nam
1641 653 1755 695 vice-

342 725 451 767 simo
473 725 606 768 tertio
629 724 774 766 Exodi
796 724 959 765 dicitur
993 722 1103 779 [16]
1124 739 1133 764 :
1171 728 1193 744 “
1211 721 1549 764 Solemnitatem
1582 736 1756 776 quoque

344 800 366 816 “
397 795 445 836 in
466 794 590 836 exitu
611 793 718 834 anni
749 807 884 848 quum
917 790 1247 847 congregaveris
1278 789 1423 846 fruges
1445 793 1544 831 tuas
1577 789 1631 830 de
1652 804 1757 845 agro

343 868 365 885 “
397 863 535 905 facies.
600 862 661 904 Et
706 861 924 903 tricesimo
972 862 1129 915 quarto
1176 859 1389 909 similiter,
1432 857 1755 900 solemnitatem

340 931 471 974 facies
492 945 627 987 quum
658 929 869 971 redeunte
902 927 1008 969 anni
1049 930 1248 983 tempore
1280 929 1436 968 cuncta
1467 924 1756 968 conduntur.”

342 1000 402 1041 Et
432 999 630 1055 loquitur
673 998 726 1039 de
773 995 1059 1052 scenophegia
1091 995 1182 1036 sive
1219 994 1329 1036 festo
1362 994 1754 1035 tabernaculorum.

343 1069 403 1110 Et
425 1068 469 1108 N
473 1066 654 1109 ehemiae
685 1065 826 1121 primo
849 1063 1041 1120 capitulo
1067 1063 1147 1118 [1.]
1167 1078 1175 1103 ;
1207 1066 1228 1084 “
1247 1062 1432 1103 Factum
1454 1065 1520 1103 est
1541 1061 1589 1102 in
1610 1076 1755 1103 mense

345 1142 366 1158 “
401 1135 575 1187 Oasleu,
619 1147 733 1175 anno
780 1130 1011 1174 secundo.”
1072 1130 1132 1171 Et
1179 1130 1366 1171 secundo
1413 1129 1605 1185 capitulo
1641 1130 1751 1185 [].]:

344 1209 366 1226 “
400 1204 586 1246 Factum
608 1205 674 1244 est
696 1202 743 1243 in
764 1215 911 1242 mense
927 1198 1095 1250 Nisa'n,
1119 1212 1234 1239 anno
1258 1196 1466 1238 vicesimo
1483 1196 1756 1239 Artaxerxi-s

344 1279 366 1295 “
397 1271 549 1329 regis.”
610 1271 753 1312 Nisan
784 1269 900 1311 enim
932 1266 1109 1323 Aprilis,
1143 1269 1186 1307 et
1220 1265 1375 1307 Casleu
1407 1268 1472 1306 est
1503 1264 1754 1317 December,

342 1341 578 1384 secundum
610 1338 832 1380 Hebraeos.
896 1336 945 1378 Si
976 1335 1114 1392 igitur
1135 1334 1277 1375 Nisan
1309 1336 1421 1375 esset
1451 1333 1617 1389 primus
1638 1348 1757 1375 men-

342 1410 400 1451 sis
431 1409 535 1451 anni
558 1408 794 1450 secundum
826 1405 980 1448 seriem
1005 1403 1251 1445 naturalem
1273 1401 1557 1458 computandi
1577 1417 1755 1454 annum,

342 1492 431 1520 non
477 1477 694 1519 diceretur
726 1488 840 1516 anno
871 1472 1087 1522 vicesimo,
1133 1471 1207 1512 sed
1239 1470 1344 1512 anni
1375 1469 1571 1512 vicesimi
1611 1469 1756 1526 primi,

342 1561 440 1588 cum
471 1545 592 1601 prius
628 1541 922 1586 nominaverit
954 1540 1111 1583 Casleu
1143 1539 1249 1580 anni
1280 1537 1485 1590 vicesimi,
1519 1540 1564 1580 et
1604 1540 1756 1594 postea

343 1614 540 1656 nominet
572 1612 726 1661 Nisan,
770 1624 859 1652 non
890 1609 1070 1650 alterius
1113 1607 1187 1648 sed
1219 1606 1413 1661 ejusdem
1444 1606 1560 1647 anni.
1637 1605 1754 1648 Item

343 1682 424 1723 1100
454 1680 666 1737 probatur
706 1693 783 1734 per
812 1678 962 1733 legem.
1024 1674 1142 1716 Nam
1185 1688 1283 1716 011111
1327 1676 1373 1715 et
1404 1672 1653 1729 Septembri
1684 1673 1754 1714 vel

344 1749 524 1792 Octobri
576 1746 691 1789 sexti
743 1745 848 1787 anni
895 1742 1195 1794 seminaretur,
1239 1744 1345 1783 tunc
1396 1740 1433 1782 si
1485 1755 1625 1782 annus
1676 1754 1754 1782 na-

342 1817 545 1860 turaliter
611 1814 769 1870 incipit
834 1812 889 1854 ab
956 1810 1102 1867 Aprili
1158 1808 1470 1851 terminabitur
1522 1808 1596 1860 ibi,
1651 1822 1752 1864 ergo

341 1887 388 1928 in
435 1887 562 1927 sexto
609 1896 726 1924 anno
772 1895 863 1923 non
904 1882 1107 1929 metetur,
1150 1892 1230 1919 nec
1275 1877 1536 1932 colligentur
1581 1890 1750 1927 messes,

342 1969 420 1996 nec
465 1954 708 2009 potuerunt
755 1947 943 1991 ulterius
985 1946 1144 2002 colligi,
1187 1945 1290 2001 quia
1330 1948 1437 1986 tunc
1477 1944 1525 1985 in
1566 1944 1752 1999 septimo

340 2037 456 2065 anno
488 2020 806 2077 colligerentur,
842 2016 959 2073 quod
990 2015 1148 2057 falsum
1181 2017 1275 2065 est;
1323 2013 1426 2068 quia
1471 2011 1635 2054 ferialis
1675 2027 1753 2068 per

340 2092 492 2147 legem,
529 2093 573 2130 et
607 2089 672 2129 ita
707 2085 915 2143 peribunt
949 2098 1097 2126 omnes
1129 2082 1297 2124 fructus
1328 2080 1445 2123 sexti
1485 2080 1604 2132 anni,
1634 2080 1752 2136 quod

342 2163 409 2202 est
451 2157 723 2208 absurdum;
772 2153 978 2211 quoniam
1021 2151 1190 2194 fructus
1226 2149 1395 2192 collecti
1431 2148 1479 2190 in
1514 2149 1602 2191 fine
1636 2149 1751 2190 sexti

341 2227 447 2270 anni
500 2224 776 2268 sufficiebant
841 2236 920 2278 pro
971 2235 1055 2262 usu
1106 2219 1283 2275 septimi
1334 2217 1440 2259 anni
1498 2220 1542 2258 et
1596 2217 1750 2259 octavi.

342 2295 508 2338 Contra
539 2307 642 2336 vero
674 2292 753 2333 has
785 2289 1040 2346 magnificas
1071 2287 1262 2330 rationes
1293 2285 1405 2327 nihil
1426 2288 1493 2327 est
1513 2285 1749 2327 secundum

341 2364 575 2405 veritatem
607 2360 724 2416 quod
755 2358 904 2400 induci
935 2356 1083 2414 possit.
1148 2354 1234 2397 Sed
1269 2353 1506 2396 secundum
1540 2367 1751 2409 apparen-

341 2432 452 2474 tiam
483 2444 620 2472 unum
652 2428 772 2469 valet
804 2425 933 2480 objici
965 2424 1081 2479 quod
1114 2423 1277 2464 dicitur
1307 2422 1355 2463 in
1388 2421 1556 2472 Exodo,
1596 2420 1748 2474 “quod

343 2505 365 2522 “
396 2499 467 2540 hic
497 2496 658 2539 mensis
689 2495 747 2537 sit
786 2493 912 2535 vobis
954 2491 1119 2548 primus
1159 2490 1207 2530 in
1251 2488 1473 2530 mensibus
1518 2486 1663 2537 anni,''
1705 2491 1749 2530 et

340 2567 534 2622 loquitur
579 2565 632 2606 de
664 2562 821 2619 Aprili,
858 2560 994 2617 igitur
1042 2557 1187 2599 Maius
1222 2560 1288 2598 cst
1322 2556 1547 2605 secundus,
1599 2558 1643 2597 et
1684 2555 1750 2597 ita

341 2635 560 2678 diluvium
590 2632 676 2674 fuit
706 2631 754 2672 in
776 2628 907 2672 Maio.
973 2626 1060 2670 Sed
1092 2640 1147 2668 ex
1179 2623 1460 2666 distinctione
1493 2638 1623 2678 quam
1645 2623 1751 2665 fecit

342 2703 562 2759 Josephus
613 2702 738 2757 patet
788 2697 901 2740 ratio
960 2695 1098 2737 istius.
1190 2692 1309 2734 Nam
1366 2691 1532 2747 primus
1588 2691 1750 2733 mensis

348 2772 509 2814 dicitur
555 2784 643 2811 uno
687 2767 829 2818 modo,
874 2764 1112 2807 secundum
1156 2761 1310 2803 seriem
1355 2759 1600 2801 naturalem
1640 2763 1750 2802 tem-

345 2840 472 2896 poris,
505 2842 549 2881 et
580 2840 795 2894 quantum
841 2834 897 2876 ad
944 2832 1192 2875 contractus
1221 2828 1525 2872 venditionum
1557 2831 1601 2870 et
1631 2842 1748 2884 emp-
