1964 3259
170 1683 314 1726 Impedi-

169 1735 279 1760 ments

171 1774 299 1814 arising

171 1819 257 1850 from
273 1819 328 1849 the

172 1865 289 1894 abuses
305 1862 344 1894 of

172 1908 227 1938 the
244 1907 322 1939 civil

172 1953 235 1984 law

388 246 476 287 418
900 255 1072 286 ROGERI
1104 253 1299 287 BAooms
1688 247 1802 305 [oAP.

390 374 582 431 epistola,
622 374 800 417 dicens:
854 378 878 396 ‘⁶
902 373 989 427 Qui
1027 388 1298 430 quaecunque
1354 375 1563 432 ignorant
1603 376 1803 433 blasphe-

392 450 413 465 “‘
447 447 601 496 mant3
653 451 922 499 quaecunque
969 447 1119 485 autem
1164 446 1378 499 tanquam
1420 444 1552 486 bruta
1596 445 1804 488 animalia

395 516 416 534 ‘⁴
449 515 613 554 norunt
648 512 695 553 in
737 512 805 553 his
859 515 1208 567 corrumpuntur.
1286 512 1349 553 Hi
1392 516 1497 555 sunt
1537 514 1675 555 nubes
1711 514 1804 556 sine

396 585 419 603 “
452 595 577 636 aqua,
613 595 710 636 quae
741 596 767 622 a
805 580 951 623 ventis
991 580 1367 632 circumferuntur,
1422 581 1597 624 arbores
1631 585 1805 624 autum-

390 654 414 672 “
444 650 565 691 nales
598 649 892 699 infructuosae‚
927 649 995 691 bis
1027 652 1225 701 mortuae,
1260 650 1505 702 eradicatae,
1543 650 1702 693 fluctus
1725 651 1805 693 feri

392 724 413 739 ‘⁸'
446 718 577 759 maris
625 718 933 774 despumantes
977 732 1076 760 suas
1117 718 1397 770 confusiones,
1437 719 1580 761 sidera
1615 719 1805 761 errantia

391 791 415 808 “
448 787 607 842 quibus
648 786 837 843 procella
873 786 1157 829 tenebrarum
1196 791 1454 830 conservata
1488 792 1555 830 est
1588 788 1636 830 in
1678 791 1805 831 aeter-

393 860 414 877 “
445 854 591 897 num.”
660 854 705 896 N
709 869 755 897 ec
786 855 947 896 mirum
980 870 1078 897 cum
1120 857 1275 898 erroris
1308 857 1501 899 tenebris
1533 857 1728 913 gaude-nt
1759 858 1806 898 in

391 923 472 965 hac
517 924 622 974 vita,
678 926 722 965 et
783 923 880 965 ideo
937 924 994 965 ad
1035 925 1177 967 locum
1219 926 1500 968 tenebrarum
1547 926 1706 968 merito
1758 925 1806 967 in

393 992 489 1034 vita
520 991 659 1033 altera
688 993 1062 1034 transmittentur.
1128 993 1191 1034 Hi
1223 997 1326 1036 sunt
1379 994 1600 1036 maledicti
1633 1009 1659 1036 a
1697 994 1804 1046 Deo,

396 1074 580 1115 quorum
632 1075 839 1102 numerus
890 1061 1046 1116 plenus
1094 1065 1170 1113 est,
1206 1066 1250 1105 et
1282 1063 1378 1105 ideo
1425 1063 1493 1105 his
1535 1063 1805 1119 temporibus

396 1133 552 1185 regnat
584 1129 847 1186 ignorantiae
880 1129 1122 1186 plenitudo.

981 1416 1086 1459 OAP.
1122 1416 1203 1458 IV.

503 1545 569 1587 In
601 1558 687 1601 quo
718 1543 1069 1601 {ozvesz‘igycmz‘m‘
1101 1544 1193 1587 cluo
1226 1544 1328 1587 alico
1359 1543 1707 1601 impedimenta.

458 1678 552 1721 SED
598 1678 804 1734 quoniam
846 1678 941 1735 jam
988 1678 1044 1719 ad
1085 1680 1236 1719 nostra
1286 1680 1486 1733 tempora
1537 1678 1806 1730 devenimus,

395 1747 492 1789 ideo
540 1746 716 1802 quidem
763 1747 811 1788 in
848 1747 1194 1802 praecedentibus
1238 1746 1461 1802 supposita
1504 1747 1615 1788 circa
1659 1761 1808 1789 causas

398 1816 553 1858 erroris
586 1819 630 1857 et
662 1815 966 1871 impedimenti
998 1815 1237 1871 sapientiae,
1261 1829 1358 1870 quae
1380 1815 1683 1871 multiplicatae
1705 1819 1809 1858 sunt

398 1899 424 1926 a
471 1883 766 1940 quadraginta
817 1884 954 1934 annis,
1016 1884 1210 1926 maxime
1261 1884 1361 1925 volo
1408 1883 1694 1934 introducere,
1757 1888 1808 1926 ut

397 1952 679 1994 manifestum
725 1953 794 2003 sit,
829 1953 946 2008 quod
988 1956 1141 1994 tantus
1186 1966 1303 1994 error
1347 1956 1503 2008 regnat
1545 1952 1593 1993 in
1635 1952 1811 1994 ecclesia

398 2021 494 2071 Dei,
540 2021 656 2077 quod
702 2021 774 2062 vel
818 2023 990 2077 oportet
1035 2021 1151 2076 quod
1198 2020 1493 2063 Antichristus
1540 2021 1700 2071 veniat,
1739 2020 1811 2063 vel

398 2090 485 2131 alia
516 2089 712 2131 turbatio
743 2089 902 2146 gravis,
935 2089 1008 2131 vel
1040 2089 1198 2144 aliquis
1230 2103 1426 2131 summus
1457 2089 1658 2145 pontifex
1689 2104 1811 2131 sanc-

397 2159 591 2200 tissimus
624 2159 791 2200 virtute
825 2158 908 2199 Dei
941 2159 1209 2200 exterminet
1244 2158 1323 2211 has
1346 2172 1496 2200 causas
1528 2173 1733 2209 errorum,
1765 2161 1810 2200 et

399 2227 606 2269 restituat
651 2226 799 2268 debito
852 2227 991 2268 statui
1038 2227 1254 2268 universa.
1319 2227 1432 2269 Duae
1482 2227 1621 2283 igitur
1672 2241 1811 2269 causae

401 2299 504 2337 sunt
547 2294 749 2351 perfectae
796 2295 981 2337 istorum
1024 2310 1049 2336 a
1094 2295 1392 2351 quadraginta
1435 2295 1574 2347 annis,
1613 2310 1702 2337 una
1745 2299 1811 2338 est

401 2364 560 2405 abusus
606 2363 719 2418 juris
762 2363 902 2404 civilis
951 2363 1110 2415 Italiae,
1162 2364 1238 2419 qui
1288 2378 1378 2405 non
1430 2364 1571 2405 solum
1623 2364 1810 2405 destruit

403 2432 601 2473 studium
645 2431 882 2486 sapientiae,
917 2432 993 2473 sed
1037 2432 1259 2474 ecclesiam
1291 2431 1377 2473 Dei
1408 2435 1453 2473 et
1489 2431 1636 2473 omnia
1667 2446 1811 2488 regna.

405 2500 465 2541 Et
496 2500 593 2541 ideo
625 2514 701 2555 per
745 2500 860 2541 hunc
892 2500 1077 2541 abusum
1109 2500 1398 2542 destruuntur
1438 2514 1586 2541 omnes
1618 2500 1810 2555 quinque

405 2569 566 2625 gradus
611 2567 837 2623 sapientiae
881 2568 1113 2624 praedictae,
1151 2571 1196 2610 et
1239 2571 1359 2610 totus
1402 2568 1592 2609 mundus
1633 2569 1812 2624 ponitur

405 2638 453 2679 in
498 2636 700 2693 maligno.
782 2636 898 2688 Quia
941 2640 1088 2678 autem
1132 2637 1325 2692 perversi
1362 2635 1534 2691 juristae
1578 2636 1812 2679 destruunt

407 2706 603 2748 studium
625 2705 850 2761 sapientize
872 2704 1153 2747 manifestum
1176 2708 1240 2747 est
1257 2722 1266 2757 3
1289 2705 1391 2760 quia
1416 2705 1510 2760 jam
1533 2720 1608 2760 per
1639 2705 1812 2747 fraudes

407 2778 452 2815 et
497 2773 616 2815 dolos
661 2774 723 2815 sic
756 2776 1076 2828 occupaverunt
1117 2774 1321 2829 praelatos
1358 2777 1402 2814 et
1433 2773 1657 2829 principes
1696 2774 1812 2829 quod

407 2842 494 2884 fere
540 2842 685 2884 omnia
730 2856 911 2884 munera
958 2845 1002 2885 ct
1047 2842 1258 2885 beneficia
1309 2841 1554 2899 recipiunt3
1587 2842 1651 2883 ita
1692 2843 1809 2897 quod
