1964 3259
140 957 203 989 His
220 956 332 999 purity

139 1003 205 1034 and
222 1003 318 1033 inno-

138 1057 247 1079 cence.

367 276 422 317 62
877 284 1048 316 11000111
1080 284 1273 317 BAcoms
1654 273 1768 329 [cAP.

363 414 462 456 quae
501 403 740 445 necessaria
781 407 885 445 sunt
926 402 1022 455 sibi,
1065 401 1264 458 quamvis
1300 400 1479 457 juvenis
1515 399 1573 442 sit
1608 397 1770 456 viginti

364 484 579 512 annorum
610 474 688 513 aut
718 471 881 528 viginti
912 475 957 514 et
986 471 1118 514 unius
1150 471 1207 513 ad
1236 470 1344 527 plus.
1421 468 1540 512 Nam
1580 482 1671 510 non
1704 482 1769 509 re-

364 539 528 581 mansit
555 553 670 582 unus
699 539 901 590 Parisius,
933 540 1009 596 qui
1038 543 1215 582 tantum
1241 539 1370 582 novit
1401 538 1454 580 de
1485 536 1771 594 philosophiae

363 607 591 661 radicibus,
624 609 824 664 quamvis
859 623 1016 661 ramos,
1048 612 1093 651 et
1126 608 1263 659 fiores,
1297 610 1343 650 et
1376 606 1544 649 fructus
1574 605 1770 648 nondum

364 676 621 731 produxerit
653 680 832 733 propter
862 680 1041 720 aetatem
1067 676 1342 733 juvenilem3
1374 678 1419 718 et
1448 675 1551 731 quia
1583 688 1675 716 non
1705 675 1772 715 est

364 748 570 800 expertus
602 745 650 787 in
683 745 885 789 docendo.
958 746 1045 789 Sed
1077 746 1211 787 habet
1246 744 1364 787 unde
1406 758 1555 786 omnes
1591 742 1772 784 Latinos

363 814 655 865 transcendat,
688 814 725 855 si
756 814 883 856 Vivat
912 829 1049 870 usque
1086 814 1142 856 ad
1178 816 1456 864 senectutem,
1490 815 1535 855 et
1566 810 1772 869 procedat

364 882 602 924 secundum
632 882 921 925 fundamenta
950 897 1048 938 quae
1078 882 1221 925 habet.

425 950 548 992 Sicut
599 965 702 993 vero
754 954 913 993 vestrae
965 951 1192 1006 sapientiae
1243 949 1597 1007 magnitudinem
1649 948 1772 989 decet

363 1018 578 1060 mediator
627 1019 818 1075 prudens
869 1022 914 1060 et
960 1019 1071 1060 bene
1121 1019 1373 1070 instructus,
1422 1018 1483 1059 sic
1526 1020 1571 1059 et
1613 1019 1771 1058 vestrae

364 1087 611 1128 sanctitatis
662 1087 914 1129 eminentiae
930 1085 943 1109 ¹
988 1089 1164 1129 sanctus
1215 1086 1423 1129 convenit
1465 1082 1772 1127 interventor.2

365 1154 424 1196 Et
455 1155 560 1211 quia
590 1169 681 1197 non
713 1155 837 1197 decet
867 1158 919 1197 ut
960 1154 1117 1210 aliquis
1148 1155 1336 1211 peccatis
1374 1153 1548 1196 deditus
1579 1156 1771 1194 vestram

363 1223 612 1279 frequentet
645 1224 937 1276 sanctitatem,
970 1223 1069 1266 ideo
1102 1223 1203 1266 volo
1236 1223 1385 1265 nuntii
1406 1222 1692 1264 idoneitatem
1725 1220 1773 1262 in

362 1292 459 1333 vita
491 1292 685 1348 aperire.3
748 1293 861 1334 Vere
897 1292 1010 1333 nihil
1043 1292 1126 1334 sibi
1169 1292 1362 1334 conscius
1404 1294 1470 1333 est
1503 1290 1557 1332 de
1598 1291 1773 1346 peccato

363 1360 552 1412 mortali,
606 1361 682 1403 sed
721 1361 848 1417 virgo
889 1359 1232 1402 mundissimus4
1273 1375 1300 1402 a
1347 1375 1416 1402 me
1457 1359 1642 1409 recessit,
1695 1372 1774 1399 nec

363 1429 529 1471 habens
570 1429 752 1485 alicujus
798 1429 1109 1472 conscientiam
1161 1428 1359 1470 mortalis
1410 1427 1576 1484 peccati
1618 1441 1645 1468 a
1695 1440 1774 1468 sua

363 1498 611 1540 nativitate.
674 1498 792 1540 Nam
838 1498 919 1540 hoc
967 1498 1198 1554 diligenter
1244 1497 1453 1552 inquisivi
1495 1499 1539 1538 et
1579 1495 1660 1537 feci
1706 1494 1773 1536 in-

364 1566 491 1621 quiri,
524 1570 569 1608 et
597 1570 739 1608 certus
771 1581 861 1609 esse
893 1566 1019 1608 credo
1052 1567 1105 1608 de
1136 1566 1229 1618 hoc,
1265 1566 1378 1607 sicut
1411 1564 1530 1620 quod
1556 1578 1635 1605 vos
1671 1563 1774 1605 estis

363 1635 409 1675 in
443 1634 712 1675 sublimitate
743 1633 913 1690 papali5
935 1634 1169 1676 decoratus.
1234 1634 1295 1676 Et
1319 1634 1367 1675 in
1394 1633 1475 1674 hoc
1506 1632 1634 1674 valde
1664 1630 1774 1672 mihi

364 1703 632 1760 coniplacet‚⁶
672 1704 789 1759 quod
840 1707 988 1746 vestra
1034 1704 1266 1746 clementia
1316 1718 1362 1745 re
1404 1706 1448 1745 et
1488 1702 1667 1744 nomine
1706 1701 1772 1742 in-

364 1774 512 1815 veniet
546 1773 755 1829 juvenem
796 1772 1065 1822 clementem,
1112 1772 1351 1829 benignum
1393 1774 1438 1813 et
1481 1773 1771 1821 mansuetum,

363 1841 537 1883 fidelem
567 1841 615 1882 in
646 1841 894 1891 commissis,
926 1856 1016 1882 non
1046 1841 1269 1896 loquacem
1301 1855 1381 1882 nec
1411 1840 1663 1895 bilinguem,
1697 1838 1773 1879 sed

364 1913 626 1951 secretorum
656 1909 871 1966 optimum
904 1909 1146 1951 celatorem.
1210 1909 1270 1950 Et
1302 1908 1405 1950 licet
1433 1907 1546 1949 nihil
1579 1906 1773 1948 conscius

364 1978 433 2028 sit,
476 1982 626 2020 tamen
677 1993 768 2019 non
819 1978 868 2019 in
913 1978 994 2019 hoc
1038 1977 1317 2033 justificatus.
1382 1976 1442 2018 Et
1482 1975 1580 2017 ideo
1625 1977 1676 2016 ut
1717 1973 1774 2015 ab

363 2047 542 2089 occultis
583 2046 673 2088 suis
719 2047 903 2088 mundet
944 2061 1043 2088 eum
1087 2046 1219 2097 Deus,
1263 2048 1308 2087 et
1350 2045 1404 2086 de
1444 2042 1775 2086 necessitatibus

364 2116 456 2171 ejus
497 2119 622 2158 eruat
659 2130 771 2167 eum,
809 2119 854 2157 et
894 2118 946 2156 ut
988 2115 1045 2156 sit
1088 2114 1182 2156 Deo
1223 2117 1376 2169 gratus
1418 2113 1470 2154 de
1503 2112 1657 2168 gratiis
1689 2111 1773 2152 sibi

365 2184 544 2236 collatis,
586 2198 635 2225 ac
675 2187 854 2239 propter
900 2183 1146 2225 custodiam
1189 2197 1278 2224 suae
1320 2181 1577 2231 sanctitatis,
1620 2177 1774 2235 atque⁷

364 2255 543 2308 propter
574 2252 730 2294 mundi
761 2255 947 2308 peccata,
982 2251 1229 2293 adolescens
1262 2264 1339 2306 pro
1372 2249 1466 2291 1000
1502 2252 1548 2290 et
1579 2251 1773 2304 tempore

364 2321 527 2376 gaudet
558 2320 677 2362 carni
709 2334 799 2362 suae
831 2319 1019 2362 cilicium
1051 2319 1267 2361 adhibere.

413 2579 421 2598 ¹
440 2579 632 2622 eminentioe]
660 2579 884 2617 eminentiam,
907 2578 946 2610 B.
1069 2569 1075 2649 Ι
1104 2576 1320 2609 mundissima.
1384 2575 1446 2609 See
1475 2575 1566 2617 Opus
1590 2575 1712 2617 Majus,
1743 2586 1772 2617 p.

410 2634 422 2652 ²
439 2633 647 2675 interventor]
667 2633 876 2671 intercessor,
890 2631 970 2664 with
986 2630 1037 2662 in·
1106 2632 1181 2662 447.

367 2692 535 2719 torventor
550 2686 681 2718 written
697 2696 777 2717 over
793 2685 827 2724 it,
842 2685 877 2716 in
895 2685 934 2716 T.
1150 2684 1161 2701 ⁵
1172 2681 1308 2725 papali]
1336 2682 1463 2714 deleted
1479 2682 1513 2713 in
1530 2683 1567 2714 B.

410 2740 421 2757 ³
437 2739 583 2781 aperire]
612 2749 783 2780 apparere,
800 2738 844 2770 U.
1150 2735 1162 2752 ⁰
1177 2734 1365 2777 complacet]
1392 2745 1467 2767 cum
1483 2736 1599 2777 placet,
1622 2735 1661 2767 B.

409 2792 420 2810 ⁴
436 2790 675 2833 mundissimus]
725 2791 766 2824 T.
789 2791 828 2823 B.
891 2790 958 2822 But
996 2788 1038 2823 U.
1152 2789 1162 2806 ⁷
1179 2788 1291 2830 atque]
1317 2798 1366 2828 ae,
1392 2788 1431 2821 T.
