1964 3259
201 245 323 301 vm]
649 257 956 288 COMPENDIUM
988 257 1152 289 STUDII.
1511 247 1596 289 495

201 371 276 413 fiet
306 370 539 414 diminutio
561 372 894 428 computationis
916 372 1083 414 circiter
1115 371 1347 412 dimidium
1378 371 1492 421 anni,
1525 372 1597 413 vol

198 439 306 495 plus,
340 441 454 495 quod
485 444 551 482 est
586 440 804 490 vitiosum,
836 443 880 482 et
910 439 1008 481 ideo
1053 439 1183 480 debet
1215 439 1383 481 cautius
1425 439 1596 481 evitari,

200 507 313 559 Quia
333 508 470 564 igitur
490 508 582 551 haec
603 511 844 564 sequuntur
865 522 921 549 ex
951 507 1203 562 ignorantia
1222 507 1439 549 mensium
1472 507 1592 549 Grae-

199 589 346 617 corum
377 580 422 618 et
446 576 743 628 Hebraeorum,
777 580 821 618 et
851 576 1080 618 nominum
1111 590 1271 626 eorum,
1295 579 1340 617 et
1370 578 1513 627 terrae,
1536 575 1596 617 sic

199 658 275 699 per
295 647 436 686 totam
458 644 740 701 Scripturam,
763 647 940 700 propter
960 643 1257 700 ignorantiam
1292 644 1478 685 istarum
1515 644 1601 684 lin-

198 723 393 765 guarum,
426 713 652 765 ponuntur
692 710 928 766 positiones
959 709 1201 751 falsissimae
1244 712 1289 750 et
1331 709 1598 765 periculosae,

199 781 244 819 et
276 777 550 820 celebrantur
580 793 657 834 pro
678 779 877 829 veritate,
911 781 956 820 et
986 778 1274 834 negliguntur
1305 777 1600 833 expositiones

200 845 467 901 dignissimae
510 849 555 888 et
600 846 899 888 veracissimae.
963 845 1051 887 Sed
1103 845 1159 886 ad
1211 860 1400 901 praesens
1452 859 1599 901 super-

200 913 439 954 sedendum
482 921 560 966 est,
606 914 710 969 quia
753 917 927 970 oportet
970 927 1049 955 nos
1096 913 1153 954 ad
1194 913 1281 955 alia
1326 914 1600 969 pertransire.

198 981 336 1023 Tenui
376 985 525 1024 tamen
566 981 732 1024 diutius
766 982 878 1024 hanc
913 985 1083 1038 partem
1116 981 1243 1022 istius
1284 984 1511 1032 tractatus,
1555 985 1601 1023 et

197 1050 324 1105 plura
367 1051 572 1106 loquutus
614 1065 721 1103 sum,
766 1051 868 1106 quia
904 1050 974 1092 hic
1014 1050 1126 1092 latet
1167 1049 1306 1104 major
1337 1050 1598 1105 ignorantia,

198 1121 243 1159 et
288 1132 405 1160 error
450 1118 711 1160 Latinorum
758 1119 1038 1174 periculosior
1070 1121 1115 1160 et
1158 1118 1302 1160 vilior.
1366 1118 1482 1170 Quia
1521 1133 1600 1159 nec

197 1187 341 1228 sciunt
371 1187 567 1238 scribere,
599 1202 679 1229 nec
708 1188 897 1243 proferre
928 1187 1153 1238 vocabula,
1186 1201 1265 1228 nec
1306 1185 1596 1242 interpretari,

197 1268 275 1296 1160
335 1255 551 1297 rationem
612 1255 896 1311 philosophiae
957 1270 1037 1297 nec
1110 1255 1342 1311 theologia}
1402 1254 1593 1306 reddere,

198 1326 375 1378 propter
405 1323 700 1380 ignorantiam
732 1324 968 1366 infinitam.²

785 1541 891 1584 CAP.
925 1541 1006 1583 IX.

259 1665 454 1706 HABITIS
495 1660 632 1706 causis
670 1668 849 1721 propter
891 1680 999 1722 quas
1040 1679 1210 1708 necesse
1251 1668 1317 1708 est
1357 1669 1408 1707 ut
1445 1666 1594 1708 Latini
1613 1675 1687 1707 The
1705 1675 1816 1708 Greek

197 1733 337 1775 sciant
368 1733 474 1775 satis
507 1733 560 1775 de
591 1735 878 1790 grammatica
920 1735 1103 1776 aliarum
1144 1735 1405 1791 linguarum,
1440 1735 1593 1776 saltem
1613 1720 1768 1796 223¹}th

196 1801 344 1853 trium,
408 1802 570 1843 scilicet
623 1802 796 1853 Graecae,
852 1802 1094 1853 Hebraicae,
1143 1807 1188 1845 et
1231 1803 1441 1853 Arabicae,
1494 1804 1594 1844 volo
1612 1818 1749 1849 powers.

195 1869 383 1925 incipere
434 1884 460 1910 a
512 1869 674 1920 Graeca,
723 1870 826 1925 quia
876 1871 1045 1912 facilior
1095 1874 1161 1912 est
1213 1874 1258 1912 et
1308 1871 1447 1927 magis
1497 1886 1596 1912 con-

196 1938 321 1979 venit
362 1952 461 1979 cum
492 1938 665 1980 Latino.
732 1938 886 1979 Omnis
928 1939 1046 1980 enim
1086 1939 1240 1995 lingua
1280 1939 1421 1995 primo
1453 1940 1598 1981 utitur

197 2005 428 2060 alphabeto
487 2005 534 2046 in
583 2020 669 2061 quo
712 2006 852 2048 literae
898 2010 1125 2062 ponuntur
1172 2007 1384 2049 ordinate.
1450 2007 1597 2049 Litera

198 2087 302 2114 vero
330 2073 567 2115 secundum
589 2073 860 2116 Priscianum
893 2078 960 2116 est
991 2075 1173 2131 proprie,
1197 2075 1338 2131 figura
1357 2075 1404 2117 in
1425 2075 1597 2131 scripto,

198 2144 243 2183 et
295 2141 558 2183 elementum
621 2142 783 2184 dicitur
843 2143 890 2183 in
952 2143 1322 2199 pronuntiatione.
1416 2143 1599 2185 Utimur

198 2223 287 2251 uno
318 2223 396 2265 pro
443 2209 529 2251 alio
561 2210 877 2253 indifferenter.
942 2211 1109 2253 Ponam
1151 2226 1254 2254 vero
1287 2212 1459 2253 Graecas
1502 2212 1600 2253 lite-

196 2292 267 2319 ras
325 2291 423 2318 cum
480 2278 633 2334 figuris
680 2281 723 2320 et
774 2280 1025 2322 nominibus
1083 2280 1181 2331 suis,
1227 2283 1271 2322 et
1317 2279 1500 2335 majores
1555 2284 1599 2322 et

195 2345 382 2387 minores
413 2345 574 2402 figuras
605 2346 794 2402 ejusdem
827 2348 968 2390 literae
1010 2347 1248 2404 figurabo,1
1288 2351 1420 2404 atque
1452 2362 1599 2404 super-

195 2414 380 2456 scribam
409 2414 569 2470 figuras
612 2415 841 2457 literarum
879 2416 1150 2468 Latinarum,
1183 2419 1234 2458 ut
1265 2417 1428 2458 sciatur
1469 2432 1597 2473 quem

195 2497 360 2534 sonum,
394 2485 439 2524 et
471 2498 601 2539 quam
633 2487 898 2540 potestatem
930 2484 1124 2527 habeant
1159 2485 1298 2527 literae
1334 2485 1595 2537 Graecorum,

194 2554 246 2591 ut
292 2565 368 2605 per
408 2554 578 2593 nostras
609 2552 662 2594 de
704 2552 819 2594 facili
850 2553 1077 2595 videamus
1124 2568 1222 2609 quae
1269 2556 1315 2595 et
1358 2556 1466 2608 quot
1508 2553 1597 2594 sint

194 2618 362 2660 vocales
413 2623 458 2661 et
508 2625 806 2672 consonantes,
862 2636 959 2676 quae
1017 2621 1150 2663 etiam
1202 2625 1348 2672 mutae,
1402 2625 1447 2663 et
1499 2636 1596 2676 quae

194 2685 383 2741 liquidae.
467 2687 594 2738 Item,
649 2689 754 2744 quia
814 2688 955 2730 Graeci
1016 2692 1250 2731 numerant
1311 2703 1388 2745 per
1448 2689 1596 2731 literas

411 2851 420 2870 ¹
427 2851 596 2894 fiyurabo]
626 2851 688 2885 See
704 2851 761 2884 the
777 2852 865 2884 table
882 2856 916 2885 at
932 2851 987 2885 the
1004 2853 1068 2885 end
1084 2853 1124 2885 of
1134 2853 1191 2885 the
1207 2853 1349 2887 volume.
