<?xml version="1.0" encoding="UTF-8"?>
<!DOCTYPE html PUBLIC "-//W3C//DTD XHTML 1.0 Transitional//EN"
    "http://www.w3.org/TR/xhtml1/DTD/xhtml1-transitional.dtd">
<html xmlns="http://www.w3.org/1999/xhtml" xml:lang="en" lang="en">
 <head>
  <title>
</title>
<meta http-equiv="Content-Type" content="text/html;charset=utf-8" />
  <meta name='ocr-system' content='tesseract 3.04.00' />
  <meta name='ocr-capabilities' content='ocr_page ocr_carea ocr_par ocr_line ocrx_word'/>
</head>
<body>
  <div class='ocr_page' id='page_1' title='image "./frrogeribaconope00baco_0326.png"; bbox 0 0 1964 3259; ppageno 0'>
   <div class='ocr_carea' id='block_1_1' title="bbox 148 604 344 771">
    <p class='ocr_par' dir='ltr' id='par_1_1' title="bbox 148 604 344 771">
     <span class='ocr_line' id='line_1_1' title="bbox 151 604 344 636; baseline 0.005 -1"><span class='ocrx_word' id='word_1_1' title='bbox 151 604 224 636; x_wconf 85' lang='lat' dir='ltr'>The</span> <span class='ocrx_word' id='word_1_2' title='bbox 241 605 344 636; x_wconf 79' lang='lat' dir='ltr'>refor-</span> 
     </span>
     <span class='ocr_line' id='line_1_2' title="bbox 151 649 333 680; baseline 0.005 -1"><span class='ocrx_word' id='word_1_3' title='bbox 151 649 276 680; x_wconf 79' lang='lat' dir='ltr'>mation</span> <span class='ocrx_word' id='word_1_4' title='bbox 293 650 333 680; x_wconf 90' lang='lat' dir='ltr'>of</span> 
     </span>
     <span class='ocr_line' id='line_1_3' title="bbox 148 693 330 726; baseline 0.011 -2"><span class='ocrx_word' id='word_1_5' title='bbox 148 693 204 724; x_wconf 83' lang='lat' dir='ltr'>the</span> <span class='ocrx_word' id='word_1_6' title='bbox 220 694 330 726; x_wconf 83' lang='lat' dir='ltr'>calen-</span> 
     </span>
     <span class='ocr_line' id='line_1_4' title="bbox 149 739 217 771; baseline 0 -1"><span class='ocrx_word' id='word_1_7' title='bbox 149 739 217 771; x_wconf 80' lang='lat' dir='ltr'>dar.</span> 
     </span>
    </p>
   </div>
   <div class='ocr_carea' id='block_1_2' title="bbox 380 263 1779 318">
    <p class='ocr_par' dir='ltr' id='par_1_2' title="bbox 380 263 1779 318">
     <span class='ocr_line' id='line_1_5' title="bbox 380 263 1779 318; baseline 0.003 -16"><span class='ocrx_word' id='word_1_8' title='bbox 380 263 429 302; x_wconf 68' lang='grc'>2]</span> <span class='ocrx_word' id='word_1_9' title='bbox 442 263 465 302; x_wconf 77' lang='lat'>2</span> <span class='ocrx_word' id='word_1_10' title='bbox 861 272 1032 302; x_wconf 79' lang='lat' dir='ltr'>ROGERI</span> <span class='ocrx_word' id='word_1_11' title='bbox 1066 272 1260 303; x_wconf 61' lang='lat' dir='ltr'>mcoxis</span> <span class='ocrx_word' id='word_1_12' title='bbox 1668 263 1779 318; x_wconf 79' lang='lat' dir='ltr'>[cAr.</span> 
     </span>
    </p>
   </div>
   <div class='ocr_carea' id='block_1_3' title="bbox 366 388 1784 2024">
    <p class='ocr_par' dir='ltr' id='par_1_3' title="bbox 375 388 1784 583">
     <span class='ocr_line' id='line_1_6' title="bbox 377 388 1784 446; baseline 0.001 -16"><span class='ocrx_word' id='word_1_13' title='bbox 377 403 555 445; x_wconf 87' lang='lat' dir='ltr'>vespere</span> <span class='ocrx_word' id='word_1_14' title='bbox 589 392 633 431; x_wconf 81' lang='lat' dir='ltr'>et</span> <span class='ocrx_word' id='word_1_15' title='bbox 664 403 791 430; x_wconf 83' lang='lat' dir='ltr'>mane</span> <span class='ocrx_word' id='word_1_16' title='bbox 824 388 915 430; x_wconf 84' lang='lat' dir='ltr'>dies</span> <span class='ocrx_word' id='word_1_17' title='bbox 947 404 1070 431; x_wconf 87' lang='lat' dir='ltr'>unus.</span> <span class='ocrx_word' id='word_1_18' title='bbox 1135 390 1250 446; x_wconf 80' lang='lat' dir='ltr'>Ergo</span> <span class='ocrx_word' id='word_1_19' title='bbox 1297 389 1377 431; x_wconf 97' lang='grc'>1100</span> <span class='ocrx_word' id='word_1_20' title='bbox 1423 403 1578 445; x_wconf 79' lang='lat' dir='ltr'>vesper</span> <span class='ocrx_word' id='word_1_21' title='bbox 1619 393 1663 431; x_wconf 86' lang='lat' dir='ltr'>et</span> <span class='ocrx_word' id='word_1_22' title='bbox 1705 390 1784 432; x_wconf 83' lang='lat' dir='ltr'>hoc</span> 
     </span>
     <span class='ocr_line' id='line_1_7' title="bbox 375 458 1784 514; baseline 0.001 -16"><span class='ocrx_word' id='word_1_23' title='bbox 375 472 503 499; x_wconf 87' lang='lat' dir='ltr'>mane</span> <span class='ocrx_word' id='word_1_24' title='bbox 535 460 638 499; x_wconf 86' lang='lat' dir='ltr'>sunt</span> <span class='ocrx_word' id='word_1_25' title='bbox 669 461 814 514; x_wconf 85' lang='lat' dir='ltr'>partes</span> <span class='ocrx_word' id='word_1_26' title='bbox 846 458 976 499; x_wconf 89' lang='lat' dir='ltr'>unius</span> <span class='ocrx_word' id='word_1_27' title='bbox 1009 458 1095 500; x_wconf 86' lang='lat' dir='ltr'>diei</span> <span class='ocrx_word' id='word_1_28' title='bbox 1126 458 1367 508; x_wconf 84' lang='lat' dir='ltr'>naturalis3</span> <span class='ocrx_word' id='word_1_29' title='bbox 1399 461 1443 499; x_wconf 90' lang='lat' dir='ltr'>et</span> <span class='ocrx_word' id='word_1_30' title='bbox 1476 472 1630 514; x_wconf 82' lang='lat' dir='ltr'>vesper</span> <span class='ocrx_word' id='word_1_31' title='bbox 1665 459 1784 514; x_wconf 82' lang='lat' dir='ltr'>prius</span> 
     </span>
     <span class='ocr_line' id='line_1_8' title="bbox 376 527 1480 583; baseline 0 -15"><span class='ocrx_word' id='word_1_32' title='bbox 376 527 565 583; x_wconf 86' lang='lat' dir='ltr'>ponitur,</span> <span class='ocrx_word' id='word_1_33' title='bbox 601 530 645 568; x_wconf 93' lang='lat' dir='ltr'>et</span> <span class='ocrx_word' id='word_1_34' title='bbox 676 527 773 569; x_wconf 86' lang='lat' dir='ltr'>ideo</span> <span class='ocrx_word' id='word_1_35' title='bbox 806 527 1014 583; x_wconf 76' lang='lat' dir='ltr'>praecedit</span> <span class='ocrx_word' id='word_1_36' title='bbox 1047 528 1161 569; x_wconf 86' lang='lat' dir='ltr'>diem</span> <span class='ocrx_word' id='word_1_37' title='bbox 1195 527 1480 569; x_wconf 85' lang='lat' dir='ltr'>artificialem.</span> 
     </span>
    </p>

    <p class='ocr_par' dir='ltr' id='par_1_4' title="bbox 366 596 1783 2024">
     <span class='ocr_line' id='line_1_9' title="bbox 436 596 1782 652; baseline -0.001 -14"><span class='ocrx_word' id='word_1_38' title='bbox 436 596 546 638; x_wconf 67' lang='lat' dir='ltr'>Hzec</span> <span class='ocrx_word' id='word_1_39' title='bbox 598 596 735 652; x_wconf 78' lang='lat' dir='ltr'>igitur</span> <span class='ocrx_word' id='word_1_40' title='bbox 787 597 979 651; x_wconf 84' lang='lat' dir='ltr'>quinque</span> <span class='ocrx_word' id='word_1_41' title='bbox 1030 597 1245 638; x_wconf 82' lang='lat' dir='ltr'>notabilia</span> <span class='ocrx_word' id='word_1_42' title='bbox 1292 596 1411 638; x_wconf 84' lang='lat' dir='ltr'>volui</span> <span class='ocrx_word' id='word_1_43' title='bbox 1462 610 1619 651; x_wconf 87' lang='lat' dir='ltr'>ponere</span> <span class='ocrx_word' id='word_1_44' title='bbox 1672 596 1782 637; x_wconf 82' lang='lat' dir='ltr'>circa</span> 
     </span>
     <span class='ocr_line' id='line_1_10' title="bbox 374 664 1780 720; baseline -0.001 -14"><span class='ocrx_word' id='word_1_45' title='bbox 374 668 547 720; x_wconf 84' lang='lat' dir='ltr'>tempus</span> <span class='ocrx_word' id='word_1_46' title='bbox 611 664 930 706; x_wconf 86' lang='lat' dir='ltr'>consideratum</span> <span class='ocrx_word' id='word_1_47' title='bbox 993 665 1230 707; x_wconf 85' lang='lat' dir='ltr'>secundum</span> <span class='ocrx_word' id='word_1_48' title='bbox 1307 664 1401 720; x_wconf 75' lang='lat' dir='ltr'>ejus</span> <span class='ocrx_word' id='word_1_49' title='bbox 1475 665 1780 706; x_wconf 85' lang='lat' dir='ltr'>substantiam.</span> 
     </span>
     <span class='ocr_line' id='line_1_11' title="bbox 375 733 1783 790; baseline -0.001 -15"><span class='ocrx_word' id='word_1_50' title='bbox 375 734 506 775; x_wconf 90' lang='lat' dir='ltr'>Nunc</span> <span class='ocrx_word' id='word_1_51' title='bbox 539 733 639 776; x_wconf 90' lang='lat' dir='ltr'>volo</span> <span class='ocrx_word' id='word_1_52' title='bbox 671 736 851 789; x_wconf 79' lang='lat' dir='ltr'>tangere</span> <span class='ocrx_word' id='word_1_53' title='bbox 883 748 944 783; x_wconf 86' lang='lat' dir='ltr'>ea,</span> <span class='ocrx_word' id='word_1_54' title='bbox 968 748 1066 789; x_wconf 82' lang='lat' dir='ltr'>quae</span> <span class='ocrx_word' id='word_1_55' title='bbox 1098 734 1249 790; x_wconf 85' lang='lat' dir='ltr'>scripsi</span> <span class='ocrx_word' id='word_1_56' title='bbox 1283 733 1336 775; x_wconf 92' lang='lat' dir='ltr'>de</span> <span class='ocrx_word' id='word_1_57' title='bbox 1368 733 1642 789; x_wconf 68' lang='lat' dir='ltr'>passionibus</span> <span class='ocrx_word' id='word_1_58' title='bbox 1674 737 1783 775; x_wconf 85' lang='lat' dir='ltr'>tem-</span> 
     </span>
     <span class='ocr_line' id='line_1_12' title="bbox 375 801 1777 859; baseline 0 -15"><span class='ocrx_word' id='word_1_59' title='bbox 375 817 542 859; x_wconf 90' lang='lat' dir='ltr'>porum.</span> <span class='ocrx_word' id='word_1_60' title='bbox 605 801 665 843; x_wconf 89' lang='lat' dir='ltr'>Et</span> <span class='ocrx_word' id='word_1_61' title='bbox 696 817 802 844; x_wconf 84' lang='lat' dir='ltr'>voco</span> <span class='ocrx_word' id='word_1_62' title='bbox 835 802 1055 858; x_wconf 76' lang='lat' dir='ltr'>passiones</span> <span class='ocrx_word' id='word_1_63' title='bbox 1086 803 1157 844; x_wconf 88' lang='lat' dir='ltr'>hic</span> <span class='ocrx_word' id='word_1_64' title='bbox 1188 803 1483 858; x_wconf 85' lang='lat' dir='ltr'>primationes,</span> <span class='ocrx_word' id='word_1_65' title='bbox 1517 802 1777 853; x_wconf 87' lang='lat' dir='ltr'>lunationes,</span> 
     </span>
     <span class='ocr_line' id='line_1_13' title="bbox 374 871 1781 926; baseline 0 -14"><span class='ocrx_word' id='word_1_66' title='bbox 374 875 419 912; x_wconf 88' lang='lat' dir='ltr'>et</span> <span class='ocrx_word' id='word_1_67' title='bbox 441 871 729 920; x_wconf 73' lang='lat' dir='ltr'>embolismos,</span> <span class='ocrx_word' id='word_1_68' title='bbox 755 874 800 912; x_wconf 87' lang='lat' dir='ltr'>et</span> <span class='ocrx_word' id='word_1_69' title='bbox 831 871 1094 926; x_wconf 87' lang='lat' dir='ltr'>hujusmodi,</span> <span class='ocrx_word' id='word_1_70' title='bbox 1118 886 1214 926; x_wconf 74' lang='lat' dir='ltr'>quae</span> <span class='ocrx_word' id='word_1_71' title='bbox 1245 871 1292 912; x_wconf 89' lang='lat' dir='ltr'>in</span> <span class='ocrx_word' id='word_1_72' title='bbox 1325 874 1531 926; x_wconf 86' lang='lat' dir='ltr'>computo</span> <span class='ocrx_word' id='word_1_73' title='bbox 1563 875 1607 913; x_wconf 87' lang='lat' dir='ltr'>et</span> <span class='ocrx_word' id='word_1_74' title='bbox 1628 871 1781 913; x_wconf 88' lang='lat' dir='ltr'>kalen-</span> 
     </span>
     <span class='ocr_line' id='line_1_14' title="bbox 374 938 1779 994; baseline 0 -14"><span class='ocrx_word' id='word_1_75' title='bbox 374 940 494 981; x_wconf 88' lang='lat' dir='ltr'>dario</span> <span class='ocrx_word' id='word_1_76' title='bbox 527 938 866 981; x_wconf 85' lang='lat' dir='ltr'>considerantur.</span> <span class='ocrx_word' id='word_1_77' title='bbox 930 939 989 980; x_wconf 87' lang='lat' dir='ltr'>Et</span> <span class='ocrx_word' id='word_1_78' title='bbox 1020 939 1090 981; x_wconf 90' lang='lat' dir='ltr'>hic</span> <span class='ocrx_word' id='word_1_79' title='bbox 1122 940 1263 981; x_wconf 88' lang='lat' dir='ltr'>oritur</span> <span class='ocrx_word' id='word_1_80' title='bbox 1310 954 1423 981; x_wconf 85' lang='lat' dir='ltr'>unus</span> <span class='ocrx_word' id='word_1_81' title='bbox 1457 940 1509 980; x_wconf 87' lang='lat' dir='ltr'>de</span> <span class='ocrx_word' id='word_1_82' title='bbox 1541 940 1779 994; x_wconf 67' lang='lat' dir='ltr'>nnijOribus</span> 
     </span>
     <span class='ocr_line' id='line_1_15' title="bbox 370 1007 1781 1065; baseline 0 -15"><span class='ocrx_word' id='word_1_83' title='bbox 370 1009 583 1051; x_wconf 86' lang='lat' dir='ltr'>fructibus</span> <span class='ocrx_word' id='word_1_84' title='bbox 630 1007 919 1058; x_wconf 75' lang='lat' dir='ltr'>astronomiae,</span> <span class='ocrx_word' id='word_1_85' title='bbox 954 1008 1029 1063; x_wconf 88' lang='lat' dir='ltr'>qui</span> <span class='ocrx_word' id='word_1_86' title='bbox 1073 1009 1270 1051; x_wconf 86' lang='lat' dir='ltr'>consistit</span> <span class='ocrx_word' id='word_1_87' title='bbox 1302 1008 1348 1050; x_wconf 89' lang='lat' dir='ltr'>in</span> <span class='ocrx_word' id='word_1_88' title='bbox 1381 1009 1702 1065; x_wconf 73' lang='lat' dir='ltr'>compositione,</span> <span class='ocrx_word' id='word_1_89' title='bbox 1736 1012 1781 1050; x_wconf 89' lang='lat' dir='ltr'>et</span> 
     </span>
     <span class='ocr_line' id='line_1_16' title="bbox 372 1076 1776 1134; baseline 0 -16"><span class='ocrx_word' id='word_1_90' title='bbox 372 1077 647 1128; x_wconf 71' lang='lat' dir='ltr'>correctione,</span> <span class='ocrx_word' id='word_1_91' title='bbox 682 1079 726 1118; x_wconf 90' lang='lat' dir='ltr'>et</span> <span class='ocrx_word' id='word_1_92' title='bbox 758 1076 993 1128; x_wconf 81' lang='lat' dir='ltr'>intellectU,</span> <span class='ocrx_word' id='word_1_93' title='bbox 1027 1079 1073 1118; x_wconf 92' lang='lat' dir='ltr'>et</span> <span class='ocrx_word' id='word_1_94' title='bbox 1103 1091 1185 1118; x_wconf 87' lang='lat' dir='ltr'>usu</span> <span class='ocrx_word' id='word_1_95' title='bbox 1216 1077 1462 1119; x_wconf 78' lang='lat' dir='ltr'>kalendarii</span> <span class='ocrx_word' id='word_1_96' title='bbox 1494 1080 1539 1119; x_wconf 89' lang='lat' dir='ltr'>et</span> <span class='ocrx_word' id='word_1_97' title='bbox 1570 1077 1776 1134; x_wconf 85' lang='lat' dir='ltr'>computi.</span> 
     </span>
     <span class='ocr_line' id='line_1_17' title="bbox 373 1145 1779 1202; baseline 0 -15"><span class='ocrx_word' id='word_1_98' title='bbox 373 1145 433 1187; x_wconf 89' lang='lat' dir='ltr'>Et</span> <span class='ocrx_word' id='word_1_99' title='bbox 466 1145 551 1187; x_wconf 92' lang='lat' dir='ltr'>duo</span> <span class='ocrx_word' id='word_1_100' title='bbox 583 1145 884 1201; x_wconf 69' lang='lat' dir='ltr'>principaliter</span> <span class='ocrx_word' id='word_1_101' title='bbox 928 1145 1192 1187; x_wconf 86' lang='lat' dir='ltr'>considerari</span> <span class='ocrx_word' id='word_1_102' title='bbox 1243 1149 1453 1201; x_wconf 86' lang='lat' dir='ltr'>possunt:</span> <span class='ocrx_word' id='word_1_103' title='bbox 1503 1161 1640 1188; x_wconf 85' lang='lat' dir='ltr'>unum</span> <span class='ocrx_word' id='word_1_104' title='bbox 1683 1161 1779 1202; x_wconf 85' lang='lat' dir='ltr'>per-</span> 
     </span>
     <span class='ocr_line' id='line_1_18' title="bbox 372 1213 1777 1269; baseline 0 -14"><span class='ocrx_word' id='word_1_105' title='bbox 372 1215 487 1256; x_wconf 84' lang='lat' dir='ltr'>tinet</span> <span class='ocrx_word' id='word_1_106' title='bbox 519 1214 575 1255; x_wconf 82' lang='lat' dir='ltr'>ad</span> <span class='ocrx_word' id='word_1_107' title='bbox 607 1213 919 1255; x_wconf 86' lang='lat' dir='ltr'>correctionem</span> <span class='ocrx_word' id='word_1_108' title='bbox 970 1213 1228 1263; x_wconf 87' lang='lat' dir='ltr'>kalendarii,</span> <span class='ocrx_word' id='word_1_109' title='bbox 1283 1214 1399 1269; x_wconf 86' lang='lat' dir='ltr'>quod</span> <span class='ocrx_word' id='word_1_110' title='bbox 1461 1217 1527 1256; x_wconf 86' lang='lat' dir='ltr'>est</span> <span class='ocrx_word' id='word_1_111' title='bbox 1588 1214 1777 1256; x_wconf 75' lang='lat' dir='ltr'>maxime</span> 
     </span>
     <span class='ocr_line' id='line_1_19' title="bbox 370 1282 1776 1339; baseline 0 -15"><span class='ocrx_word' id='word_1_112' title='bbox 370 1283 616 1324; x_wconf 81' lang='lat' dir='ltr'>notandum</span> <span class='ocrx_word' id='word_1_113' title='bbox 649 1286 747 1339; x_wconf 88' lang='lat' dir='ltr'>post</span> <span class='ocrx_word' id='word_1_114' title='bbox 784 1282 1093 1324; x_wconf 83' lang='lat' dir='ltr'>correctionem</span> <span class='ocrx_word' id='word_1_115' title='bbox 1128 1282 1247 1324; x_wconf 79' lang='lat' dir='ltr'>Sacri</span> <span class='ocrx_word' id='word_1_116' title='bbox 1280 1282 1461 1334; x_wconf 80' lang='lat' dir='ltr'>Textus,</span> <span class='ocrx_word' id='word_1_117' title='bbox 1493 1287 1545 1324; x_wconf 89' lang='lat' dir='ltr'>ut</span> <span class='ocrx_word' id='word_1_118' title='bbox 1576 1298 1653 1324; x_wconf 89' lang='lat' dir='ltr'>suo</span> <span class='ocrx_word' id='word_1_119' title='bbox 1686 1284 1776 1324; x_wconf 88' lang='lat' dir='ltr'>loco</span> 
     </span>
     <span class='ocr_line' id='line_1_20' title="bbox 369 1350 1777 1408; baseline 0.001 -17"><span class='ocrx_word' id='word_1_120' title='bbox 369 1351 554 1392; x_wconf 78' lang='lat' dir='ltr'>inferius</span> <span class='ocrx_word' id='word_1_121' title='bbox 607 1353 863 1408; x_wconf 77' lang='lat' dir='ltr'>exponetur.</span> <span class='ocrx_word' id='word_1_122' title='bbox 948 1350 1066 1392; x_wconf 87' lang='lat' dir='ltr'>Nam</span> <span class='ocrx_word' id='word_1_123' title='bbox 1109 1350 1342 1392; x_wconf 85' lang='lat' dir='ltr'>horribiles</span> <span class='ocrx_word' id='word_1_124' title='bbox 1388 1354 1431 1392; x_wconf 85' lang='lat' dir='ltr'>et</span> <span class='ocrx_word' id='word_1_125' title='bbox 1463 1351 1569 1393; x_wconf 75' lang='lat' dir='ltr'>viles</span> <span class='ocrx_word' id='word_1_126' title='bbox 1611 1366 1777 1393; x_wconf 83' lang='lat' dir='ltr'>errores</span> 
     </span>
     <span class='ocr_line' id='line_1_21' title="bbox 369 1419 1777 1475; baseline 0 -15"><span class='ocrx_word' id='word_1_127' title='bbox 369 1423 474 1461; x_wconf 87' lang='lat' dir='ltr'>sunt</span> <span class='ocrx_word' id='word_1_128' title='bbox 505 1419 602 1471; x_wconf 84' lang='lat' dir='ltr'>hic3</span> <span class='ocrx_word' id='word_1_129' title='bbox 643 1419 748 1475; x_wconf 88' lang='lat' dir='ltr'>quia</span> <span class='ocrx_word' id='word_1_130' title='bbox 781 1433 836 1460; x_wconf 81' lang='lat' dir='ltr'>ex</span> <span class='ocrx_word' id='word_1_131' title='bbox 868 1419 1119 1475; x_wconf 80' lang='lat' dir='ltr'>ignorantia</span> <span class='ocrx_word' id='word_1_132' title='bbox 1168 1419 1372 1475; x_wconf 84' lang='lat' dir='ltr'>computi,</span> <span class='ocrx_word' id='word_1_133' title='bbox 1407 1419 1640 1461; x_wconf 86' lang='lat' dir='ltr'>secundam</span> <span class='ocrx_word' id='word_1_134' title='bbox 1685 1420 1777 1461; x_wconf 81' lang='lat' dir='ltr'>vias</span> 
     </span>
     <span class='ocr_line' id='line_1_22' title="bbox 369 1488 1777 1545; baseline -0.001 -15"><span class='ocrx_word' id='word_1_135' title='bbox 369 1488 661 1538; x_wconf 72' lang='lat' dir='ltr'>astronomiae‚</span> <span class='ocrx_word' id='word_1_136' title='bbox 685 1488 954 1544; x_wconf 87' lang='lat' dir='ltr'>permittunt</span> <span class='ocrx_word' id='word_1_137' title='bbox 976 1488 1151 1544; x_wconf 67' lang='lat' dir='ltr'>praelati</span> <span class='ocrx_word' id='word_1_138' title='bbox 1184 1488 1295 1530; x_wconf 75' lang='lat' dir='ltr'>lianc</span> <span class='ocrx_word' id='word_1_139' title='bbox 1327 1489 1651 1544; x_wconf 84' lang='lat' dir='ltr'>corruptionem</span> <span class='ocrx_word' id='word_1_140' title='bbox 1683 1503 1777 1545; x_wconf 78' lang='lat' dir='ltr'>reg-</span> 
     </span>
     <span class='ocr_line' id='line_1_23' title="bbox 369 1556 1777 1613; baseline 0 -15"><span class='ocrx_word' id='word_1_141' title='bbox 369 1571 479 1598; x_wconf 88' lang='lat' dir='ltr'>nare.</span> <span class='ocrx_word' id='word_1_142' title='bbox 546 1556 756 1608; x_wconf 76' lang='lat' dir='ltr'>Quamvis</span> <span class='ocrx_word' id='word_1_143' title='bbox 808 1556 924 1598; x_wconf 90' lang='lat' dir='ltr'>enim</span> <span class='ocrx_word' id='word_1_144' title='bbox 1004 1557 1244 1598; x_wconf 85' lang='lat' dir='ltr'>astronomi</span> <span class='ocrx_word' id='word_1_145' title='bbox 1301 1556 1402 1608; x_wconf 84' lang='lat' dir='ltr'>sint,</span> <span class='ocrx_word' id='word_1_146' title='bbox 1459 1557 1534 1612; x_wconf 82' lang='lat' dir='ltr'>qui</span> <span class='ocrx_word' id='word_1_147' title='bbox 1602 1560 1777 1613; x_wconf 85' lang='lat' dir='ltr'>possent</span> 
     </span>
     <span class='ocr_line' id='line_1_24' title="bbox 368 1623 1773 1680; baseline 0 -14"><span class='ocrx_word' id='word_1_148' title='bbox 368 1625 618 1680; x_wconf 86' lang='lat' dir='ltr'>hujusmodi</span> <span class='ocrx_word' id='word_1_149' title='bbox 650 1624 973 1680; x_wconf 88' lang='lat' dir='ltr'>corruptionem</span> <span class='ocrx_word' id='word_1_150' title='bbox 1005 1625 1157 1666; x_wconf 88' lang='lat' dir='ltr'>tollere</span> <span class='ocrx_word' id='word_1_151' title='bbox 1174 1623 1211 1677; x_wconf 79' lang='lat'>3¹</span> <span class='ocrx_word' id='word_1_152' title='bbox 1246 1629 1397 1666; x_wconf 84' lang='lat' dir='ltr'>tamen</span> <span class='ocrx_word' id='word_1_153' title='bbox 1431 1640 1520 1666; x_wconf 87' lang='lat' dir='ltr'>non</span> <span class='ocrx_word' id='word_1_154' title='bbox 1543 1630 1646 1666; x_wconf 87' lang='lat' dir='ltr'>sunt</span> <span class='ocrx_word' id='word_1_155' title='bbox 1667 1627 1773 1677; x_wconf 83' lang='lat' dir='ltr'>ausi,</span> 
     </span>
     <span class='ocr_line' id='line_1_25' title="bbox 366 1693 1773 1748; baseline 0 -14"><span class='ocrx_word' id='word_1_156' title='bbox 366 1693 458 1734; x_wconf 89' lang='lat' dir='ltr'>sine</span> <span class='ocrx_word' id='word_1_157' title='bbox 491 1693 753 1734; x_wconf 86' lang='lat' dir='ltr'>auctoritate</span> <span class='ocrx_word' id='word_1_158' title='bbox 786 1693 945 1733; x_wconf 87' lang='lat' dir='ltr'>summi</span> <span class='ocrx_word' id='word_1_159' title='bbox 988 1693 1219 1748; x_wconf 85' lang='lat' dir='ltr'>pontificis,</span> <span class='ocrx_word' id='word_1_160' title='bbox 1254 1693 1492 1734; x_wconf 85' lang='lat' dir='ltr'>secundum</span> <span class='ocrx_word' id='word_1_161' title='bbox 1526 1694 1641 1748; x_wconf 86' lang='lat' dir='ltr'>quod</span> <span class='ocrx_word' id='word_1_162' title='bbox 1674 1708 1773 1734; x_wconf 88' lang='lat' dir='ltr'>con-</span> 
     </span>
     <span class='ocr_line' id='line_1_26' title="bbox 367 1761 1774 1817; baseline 0.001 -15"><span class='ocrx_word' id='word_1_163' title='bbox 367 1762 517 1803; x_wconf 88' lang='lat' dir='ltr'>cilium</span> <span class='ocrx_word' id='word_1_164' title='bbox 547 1762 748 1817; x_wconf 78' lang='lat' dir='ltr'>generale</span> <span class='ocrx_word' id='word_1_165' title='bbox 787 1761 1016 1803; x_wconf 74' lang='lat' dir='ltr'>ordinavit.</span> <span class='ocrx_word' id='word_1_166' title='bbox 1081 1761 1167 1802; x_wconf 76' lang='lat' dir='ltr'>Sed</span> <span class='ocrx_word' id='word_1_167' title='bbox 1200 1762 1252 1802; x_wconf 93' lang='grc'>(16</span> <span class='ocrx_word' id='word_1_168' title='bbox 1284 1762 1364 1803; x_wconf 92' lang='grc'>1100</span> <span class='ocrx_word' id='word_1_169' title='bbox 1406 1761 1615 1813; x_wconf 85' lang='lat' dir='ltr'>inferius;</span> <span class='ocrx_word' id='word_1_170' title='bbox 1658 1777 1774 1804; x_wconf 85' lang='lat' dir='ltr'>nunc</span> 
     </span>
     <span class='ocr_line' id='line_1_27' title="bbox 366 1830 1773 1886; baseline 0.001 -15"><span class='ocrx_word' id='word_1_171' title='bbox 366 1845 456 1886; x_wconf 74' lang='lat' dir='ltr'>prae</span> <span class='ocrx_word' id='word_1_172' title='bbox 504 1830 706 1872; x_wconf 80' lang='lat' dir='ltr'>manibus</span> <span class='ocrx_word' id='word_1_173' title='bbox 754 1833 857 1871; x_wconf 88' lang='lat' dir='ltr'>sunt</span> <span class='ocrx_word' id='word_1_174' title='bbox 904 1830 989 1871; x_wconf 88' lang='lat' dir='ltr'>alia</span> <span class='ocrx_word' id='word_1_175' title='bbox 1007 1846 1016 1881; x_wconf 82' lang='lat'>3</span> <span class='ocrx_word' id='word_1_176' title='bbox 1060 1830 1175 1870; x_wconf 90' lang='lat' dir='ltr'>inter</span> <span class='ocrx_word' id='word_1_177' title='bbox 1219 1844 1316 1884; x_wconf 67' lang='lat' dir='ltr'>quze</span> <span class='ocrx_word' id='word_1_178' title='bbox 1360 1845 1449 1870; x_wconf 86' lang='lat' dir='ltr'>una</span> <span class='ocrx_word' id='word_1_179' title='bbox 1484 1830 1536 1871; x_wconf 87' lang='lat' dir='ltr'>de</span> <span class='ocrx_word' id='word_1_180' title='bbox 1569 1831 1773 1872; x_wconf 77' lang='lat' dir='ltr'>maximis</span> 
     </span>
     <span class='ocr_line' id='line_1_28' title="bbox 366 1898 1773 1953; baseline 0 -13"><span class='ocrx_word' id='word_1_181' title='bbox 366 1898 700 1940; x_wconf 84' lang='lat' dir='ltr'>difficultatibus</span> <span class='ocrx_word' id='word_1_182' title='bbox 732 1899 993 1948; x_wconf 86' lang='lat' dir='ltr'>continetur,</span> <span class='ocrx_word' id='word_1_183' title='bbox 1028 1902 1072 1940; x_wconf 92' lang='lat' dir='ltr'>et</span> <span class='ocrx_word' id='word_1_184' title='bbox 1103 1898 1305 1939; x_wconf 87' lang='lat' dir='ltr'>similiter</span> <span class='ocrx_word' id='word_1_185' title='bbox 1337 1899 1454 1953; x_wconf 86' lang='lat' dir='ltr'>quod</span> <span class='ocrx_word' id='word_1_186' title='bbox 1491 1913 1579 1939; x_wconf 89' lang='lat' dir='ltr'>non</span> <span class='ocrx_word' id='word_1_187' title='bbox 1625 1900 1773 1940; x_wconf 87' lang='lat' dir='ltr'>termi-</span> 
     </span>
     <span class='ocr_line' id='line_1_29' title="bbox 366 1967 1771 2024; baseline 0 -15"><span class='ocrx_word' id='word_1_188' title='bbox 366 1969 546 2009; x_wconf 81' lang='lat' dir='ltr'>nabitur</span> <span class='ocrx_word' id='word_1_189' title='bbox 577 1968 662 2009; x_wconf 89' lang='lat' dir='ltr'>nisi</span> <span class='ocrx_word' id='word_1_190' title='bbox 709 1982 784 2024; x_wconf 89' lang='lat' dir='ltr'>per</span> <span class='ocrx_word' id='word_1_191' title='bbox 831 1967 1047 2008; x_wconf 79' lang='lat' dir='ltr'>auxilium</span> <span class='ocrx_word' id='word_1_192' title='bbox 1094 1967 1257 2022; x_wconf 81' lang='lat' dir='ltr'>papale,</span> <span class='ocrx_word' id='word_1_193' title='bbox 1292 1967 1397 2022; x_wconf 85' lang='lat' dir='ltr'>quia</span> <span class='ocrx_word' id='word_1_194' title='bbox 1441 1981 1520 2008; x_wconf 87' lang='lat' dir='ltr'>nec</span> <span class='ocrx_word' id='word_1_195' title='bbox 1562 1968 1771 2009; x_wconf 83' lang='lat' dir='ltr'>certifica-</span> 
     </span>
    </p>
   </div>
   <div class='ocr_carea' id='block_1_4' title="bbox 139 2035 1770 2087">
    <p class='ocr_par' dir='ltr' id='par_1_5' title="bbox 139 2035 1770 2087">
     <span class='ocr_line' id='line_1_30' title="bbox 139 2035 1770 2087; baseline 0.003 -15"><span class='ocrx_word' id='word_1_196' title='bbox 139 2041 297 2074; x_wconf 82' lang='lat' dir='ltr'>Thedate</span> <span class='ocrx_word' id='word_1_197' title='bbox 314 2037 486 2078; x_wconf 83' lang='lat' dir='ltr'>ofbitur</span> <span class='ocrx_word' id='word_1_198' title='bbox 548 2036 722 2085; x_wconf 81' lang='lat' dir='ltr'>veritas,</span> <span class='ocrx_word' id='word_1_199' title='bbox 777 2049 855 2078; x_wconf 89' lang='lat' dir='ltr'>nec</span> <span class='ocrx_word' id='word_1_200' title='bbox 917 2036 1086 2077; x_wconf 81' lang='lat' dir='ltr'>falsitas</span> <span class='ocrx_word' id='word_1_201' title='bbox 1148 2035 1434 2087; x_wconf 70' lang='lat' dir='ltr'>excludetur3</span> <span class='ocrx_word' id='word_1_202' title='bbox 1498 2038 1542 2076; x_wconf 90' lang='lat' dir='ltr'>et</span> <span class='ocrx_word' id='word_1_203' title='bbox 1593 2039 1658 2077; x_wconf 89' lang='lat' dir='ltr'>est</span> <span class='ocrx_word' id='word_1_204' title='bbox 1719 2037 1770 2077; x_wconf 87' lang='lat' dir='ltr'>de</span> 
     </span>
    </p>
   </div>
   <div class='ocr_carea' id='block_1_5' title="bbox 137 2086 315 2164">
    <p class='ocr_par' dir='ltr' id='par_1_6' title="bbox 137 2086 315 2164">
     <span class='ocr_line' id='line_1_31' title="bbox 137 2086 315 2119; baseline 0.017 -3"><span class='ocrx_word' id='word_1_205' title='bbox 137 2086 193 2117; x_wconf 85' lang='lat' dir='ltr'>the</span> <span class='ocrx_word' id='word_1_206' title='bbox 209 2087 315 2119; x_wconf 85' lang='lat' dir='ltr'>cruci-</span> 
     </span>
     <span class='ocr_line' id='line_1_32' title="bbox 137 2130 251 2164; baseline 0.018 -2"><span class='ocrx_word' id='word_1_207' title='bbox 137 2130 251 2164; x_wconf 82' lang='lat' dir='ltr'>fixion.</span> 
     </span>
    </p>
   </div>
   <div class='ocr_carea' id='block_1_6' title="bbox 361 2103 1771 2637">
    <p class='ocr_par' dir='ltr' id='par_1_7' title="bbox 361 2103 1771 2637">
     <span class='ocr_line' id='line_1_33' title="bbox 365 2103 1771 2159; baseline 0 -13"><span class='ocrx_word' id='word_1_208' title='bbox 365 2105 569 2146; x_wconf 83' lang='lat' dir='ltr'>Passione</span> <span class='ocrx_word' id='word_1_209' title='bbox 602 2103 792 2145; x_wconf 89' lang='lat' dir='ltr'>Domini.</span> <span class='ocrx_word' id='word_1_210' title='bbox 857 2103 930 2144; x_wconf 86' lang='lat' dir='ltr'>Ad</span> <span class='ocrx_word' id='word_1_211' title='bbox 962 2104 1041 2145; x_wconf 89' lang='lat' dir='ltr'>hoc</span> <span class='ocrx_word' id='word_1_212' title='bbox 1072 2118 1175 2145; x_wconf 72' lang='lat' dir='ltr'>vero</span> <span class='ocrx_word' id='word_1_213' title='bbox 1207 2103 1554 2159; x_wconf 79' lang='lat' dir='ltr'>intelligendum,</span> <span class='ocrx_word' id='word_1_214' title='bbox 1579 2107 1623 2145; x_wconf 88' lang='lat' dir='ltr'>et</span> <span class='ocrx_word' id='word_1_215' title='bbox 1656 2119 1771 2159; x_wconf 62' lang='lat' dir='ltr'>qure-</span> 
     </span>
     <span class='ocr_line' id='line_1_34' title="bbox 365 2173 1769 2229; baseline 0.001 -15"><span class='ocrx_word' id='word_1_216' title='bbox 365 2174 466 2215; x_wconf 85' lang='lat' dir='ltr'>dam</span> <span class='ocrx_word' id='word_1_217' title='bbox 499 2174 597 2224; x_wconf 86' lang='lat' dir='ltr'>alia,</span> <span class='ocrx_word' id='word_1_218' title='bbox 632 2187 728 2228; x_wconf 78' lang='lat' dir='ltr'>quae</span> <span class='ocrx_word' id='word_1_219' title='bbox 760 2173 857 2215; x_wconf 86' lang='lat' dir='ltr'>volo</span> <span class='ocrx_word' id='word_1_220' title='bbox 889 2173 959 2214; x_wconf 90' lang='lat' dir='ltr'>hic</span> <span class='ocrx_word' id='word_1_221' title='bbox 990 2176 1181 2229; x_wconf 80' lang='lat' dir='ltr'>tangere,</span> <span class='ocrx_word' id='word_1_222' title='bbox 1216 2175 1390 2227; x_wconf 88' lang='lat' dir='ltr'>oportet</span> <span class='ocrx_word' id='word_1_223' title='bbox 1437 2186 1515 2213; x_wconf 84' lang='lat' dir='ltr'>nos</span> <span class='ocrx_word' id='word_1_224' title='bbox 1548 2173 1769 2215; x_wconf 84' lang='lat' dir='ltr'>revolvere</span> 
     </span>
     <span class='ocr_line' id='line_1_35' title="bbox 363 2241 1769 2290; baseline -0.001 -7"><span class='ocrx_word' id='word_1_225' title='bbox 363 2242 733 2283; x_wconf 80' lang='lat' dir='ltr'>considerationes</span> <span class='ocrx_word' id='word_1_226' title='bbox 767 2241 1056 2283; x_wconf 75' lang='lat' dir='ltr'>Hebraeorum</span> <span class='ocrx_word' id='word_1_227' title='bbox 1104 2241 1150 2281; x_wconf 92' lang='lat' dir='ltr'>in</span> <span class='ocrx_word' id='word_1_228' title='bbox 1197 2241 1508 2290; x_wconf 82' lang='lat' dir='ltr'>astronomicis,</span> <span class='ocrx_word' id='word_1_229' title='bbox 1544 2244 1588 2282; x_wconf 88' lang='lat' dir='ltr'>et</span> <span class='ocrx_word' id='word_1_230' title='bbox 1619 2241 1666 2282; x_wconf 92' lang='lat' dir='ltr'>in</span> <span class='ocrx_word' id='word_1_231' title='bbox 1709 2242 1769 2283; x_wconf 86' lang='lat' dir='ltr'>eis</span> 
     </span>
     <span class='ocr_line' id='line_1_36' title="bbox 361 2309 1767 2365; baseline 0.003 -18"><span class='ocrx_word' id='word_1_232' title='bbox 361 2325 458 2364; x_wconf 64' lang='lat' dir='ltr'>quze</span> <span class='ocrx_word' id='word_1_233' title='bbox 491 2311 547 2350; x_wconf 83' lang='lat' dir='ltr'>ad</span> <span class='ocrx_word' id='word_1_234' title='bbox 578 2310 883 2350; x_wconf 83' lang='lat' dir='ltr'>kalendarium</span> <span class='ocrx_word' id='word_1_235' title='bbox 917 2313 960 2350; x_wconf 88' lang='lat' dir='ltr'>et</span> <span class='ocrx_word' id='word_1_236' title='bbox 992 2312 1256 2365; x_wconf 85' lang='lat' dir='ltr'>computum,</span> <span class='ocrx_word' id='word_1_237' title='bbox 1292 2312 1472 2364; x_wconf 84' lang='lat' dir='ltr'>propter</span> <span class='ocrx_word' id='word_1_238' title='bbox 1501 2309 1639 2364; x_wconf 80' lang='lat' dir='ltr'>legem</span> <span class='ocrx_word' id='word_1_239' title='bbox 1684 2310 1767 2351; x_wconf 89' lang='lat' dir='ltr'>Dei</span> 
     </span>
     <span class='ocr_line' id='line_1_37' title="bbox 361 2376 1768 2433; baseline -0.001 -15"><span class='ocrx_word' id='word_1_240' title='bbox 361 2378 591 2425; x_wconf 82' lang='lat' dir='ltr'>sciendam,</span> <span class='ocrx_word' id='word_1_241' title='bbox 646 2378 938 2433; x_wconf 84' lang='lat' dir='ltr'>requiruntur.</span> <span class='ocrx_word' id='word_1_242' title='bbox 1014 2377 1130 2418; x_wconf 86' lang='lat' dir='ltr'>Nam</span> <span class='ocrx_word' id='word_1_243' title='bbox 1174 2377 1276 2418; x_wconf 87' lang='lat' dir='ltr'>licet</span> <span class='ocrx_word' id='word_1_244' title='bbox 1328 2377 1374 2417; x_wconf 88' lang='lat' dir='ltr'>in</span> <span class='ocrx_word' id='word_1_245' title='bbox 1407 2376 1564 2431; x_wconf 85' lang='lat' dir='ltr'>Majori</span> <span class='ocrx_word' id='word_1_246' title='bbox 1598 2378 1768 2432; x_wconf 72' lang='lat' dir='ltr'>Opere²</span> 
     </span>
     <span class='ocr_line' id='line_1_38' title="bbox 362 2445 1765 2501; baseline 0.001 -15"><span class='ocrx_word' id='word_1_247' title='bbox 362 2446 487 2501; x_wconf 87' lang='lat' dir='ltr'>plura</span> <span class='ocrx_word' id='word_1_248' title='bbox 539 2445 686 2501; x_wconf 84' lang='lat' dir='ltr'>scripsi</span> <span class='ocrx_word' id='word_1_249' title='bbox 740 2445 792 2486; x_wconf 89' lang='lat' dir='ltr'>de</span> <span class='ocrx_word' id='word_1_250' title='bbox 844 2445 925 2486; x_wconf 86' lang='lat' dir='ltr'>hac</span> <span class='ocrx_word' id='word_1_251' title='bbox 977 2445 1172 2495; x_wconf 84' lang='lat' dir='ltr'>materia,</span> <span class='ocrx_word' id='word_1_252' title='bbox 1217 2448 1365 2486; x_wconf 86' lang='lat' dir='ltr'>tamen</span> <span class='ocrx_word' id='word_1_253' title='bbox 1413 2445 1558 2500; x_wconf 81' lang='lat' dir='ltr'>aliqua</span> <span class='ocrx_word' id='word_1_254' title='bbox 1605 2446 1765 2487; x_wconf 83' lang='lat' dir='ltr'>certius</span> 
     </span>
     <span class='ocr_line' id='line_1_39' title="bbox 361 2512 1761 2569; baseline 0.001 -15"><span class='ocrx_word' id='word_1_255' title='bbox 361 2518 554 2569; x_wconf 82' lang='lat' dir='ltr'>tangam,</span> <span class='ocrx_word' id='word_1_256' title='bbox 587 2515 764 2569; x_wconf 90' lang='lat' dir='ltr'>propter</span> <span class='ocrx_word' id='word_1_257' title='bbox 808 2513 1031 2554; x_wconf 85' lang='lat' dir='ltr'>infinitam</span> <span class='ocrx_word' id='word_1_258' title='bbox 1077 2512 1393 2554; x_wconf 85' lang='lat' dir='ltr'>difficultatem.</span> <span class='ocrx_word' id='word_1_259' title='bbox 1457 2513 1573 2555; x_wconf 85' lang='lat' dir='ltr'>Gens</span> <span class='ocrx_word' id='word_1_260' title='bbox 1616 2517 1761 2555; x_wconf 83' lang='lat' dir='ltr'>autem</span> 
     </span>
     <span class='ocr_line' id='line_1_40' title="bbox 362 2581 1763 2637; baseline 0.001 -14"><span class='ocrx_word' id='word_1_261' title='bbox 362 2581 653 2624; x_wconf 80' lang='lat' dir='ltr'>Hebraeorum</span> <span class='ocrx_word' id='word_1_262' title='bbox 715 2581 1006 2623; x_wconf 83' lang='lat' dir='ltr'>consideravit</span> <span class='ocrx_word' id='word_1_263' title='bbox 1058 2595 1225 2637; x_wconf 87' lang='lat' dir='ltr'>semper</span> <span class='ocrx_word' id='word_1_264' title='bbox 1286 2584 1458 2637; x_wconf 83' lang='lat' dir='ltr'>tempus</span> <span class='ocrx_word' id='word_1_265' title='bbox 1504 2581 1666 2633; x_wconf 77' lang='lat' dir='ltr'>lunare,</span> <span class='ocrx_word' id='word_1_266' title='bbox 1720 2587 1763 2624; x_wconf 92' lang='lat' dir='ltr'>et</span> 
     </span>
    </p>
   </div>
   <div class='ocr_carea' id='block_1_7' title="bbox 359 2816 1757 2911">
    <p class='ocr_par' dir='ltr' id='par_1_8' title="bbox 359 2816 1757 2911">
     <span class='ocr_line' id='line_1_41' title="bbox 406 2816 1757 2859; baseline 0.001 -10"><span class='ocrx_word' id='word_1_267' title='bbox 406 2818 414 2836; x_wconf 86' lang='lat'>¹</span> <span class='ocrx_word' id='word_1_268' title='bbox 437 2816 557 2859; x_wconf 76' lang='lat' dir='ltr'>tollere]</span> <span class='ocrx_word' id='word_1_269' title='bbox 578 2817 724 2854; x_wconf 86' lang='lat' dir='ltr'>emedio,</span> <span class='ocrx_word' id='word_1_270' title='bbox 737 2817 843 2849; x_wconf 80' lang='lat' dir='ltr'>added</span> <span class='ocrx_word' id='word_1_271' title='bbox 860 2817 894 2848; x_wconf 93' lang='lat' dir='ltr'>in</span> <span class='ocrx_word' id='word_1_272' title='bbox 911 2826 1014 2859; x_wconf 81' lang='lat' dir='ltr'>marg.</span> <span class='ocrx_word' id='word_1_273' title='bbox 1136 2817 1148 2835; x_wconf 75' lang='lat'>²</span> <span class='ocrx_word' id='word_1_274' title='bbox 1168 2816 1290 2858; x_wconf 72' lang='lat' dir='ltr'>Opere]</span> <span class='ocrx_word' id='word_1_275' title='bbox 1318 2827 1381 2848; x_wconf 86' lang='lat' dir='ltr'>om.</span> <span class='ocrx_word' id='word_1_276' title='bbox 1401 2817 1439 2848; x_wconf 93' lang='lat' dir='ltr'>T.</span> <span class='ocrx_word' id='word_1_277' title='bbox 1496 2817 1556 2849; x_wconf 72' lang='lat' dir='ltr'>See</span> <span class='ocrx_word' id='word_1_278' title='bbox 1574 2817 1664 2858; x_wconf 83' lang='lat' dir='ltr'>Opus</span> <span class='ocrx_word' id='word_1_279' title='bbox 1683 2819 1757 2850; x_wconf 78' lang='lat' dir='ltr'>Ma-</span> 
     </span>
     <span class='ocr_line' id='line_1_42' title="bbox 359 2868 1294 2911; baseline 0 -11"><span class='ocrx_word' id='word_1_280' title='bbox 359 2870 398 2901; x_wconf 90' lang='lat' dir='ltr'>of</span> <span class='ocrx_word' id='word_1_281' title='bbox 410 2870 448 2900; x_wconf 92' lang='lat' dir='ltr'>T.</span> <span class='ocrx_word' id='word_1_282' title='bbox 1087 2868 1152 2909; x_wconf 84' lang='lat' dir='ltr'>jus,</span> <span class='ocrx_word' id='word_1_283' title='bbox 1170 2879 1199 2911; x_wconf 92' lang='lat' dir='ltr'>p.</span> <span class='ocrx_word' id='word_1_284' title='bbox 1224 2873 1294 2900; x_wconf 71' lang='lat'>122.</span> 
     </span>
    </p>
   </div>
  </div>
 </body>
</html>
