1964 3259
729 268 871 299 APPEN
881 267 963 298 nix
999 268 1042 297 Π.
1508 255 1594 299 557

193 386 350 426 anima}
373 385 624 440 accipiunt3
658 398 706 424 ea
738 388 913 438 propter
952 382 1147 423 coelcstcs
1179 382 1490 437 impressiones,
1524 395 1600 422 seu

194 453 332 493 mavis
365 453 619 502 efficienthe,
654 451 707 491 ad
740 451 836 491 illas
848 462 1004 504 *usque
1026 449 1293 504 pertingunt.
1357 448 1423 489 Ea
1454 452 1602 490 tamen

194 521 298 575 lege,
353 524 402 561 ut
455 520 675 575 integrum
729 517 917 560 hominis
972 517 1201 558 a1·l‡›itrium
1264 520 1449 558 maneat.
1535 516 1604 556 En

196 589 434 643 Aquinatis
456 588 618 629 verba:
685 592 705 607 “
732 586 950 627 Indirectc
983 588 1028 626 et
1060 599 1135 640 per
1167 583 1404 634 accidens,”
1445 583 1601 639 inquit,

200 662 221 676 ‘⁴
254 656 554 711 impressiones
597 669 824 709 corporum
867 653 1109 695 coelestium
1151 653 1205 693 ad
1247 652 1517 693 intellectum
1561 654 1605 691 ct

201 730 221 743 “
255 724 531 764 voluntatem
584 722 799 777 pertinere
861 725 1053 775 possunt,
1108 719 1369 774 inquantum
1432 718 1604 767 scilicet,

203 796 223 811 “
257 795 347 831 tam
381 790 635 838 intellectus,
680 804 809 843 quam
843 788 1048 828 voluntas
1086 786 1231 841 aliquo
1274 787 1401 827 modo
1445 787 1499 826 ab
1543 786 1607 826 in-

203 864 223 878 “
258 858 488 898 ferior-ibus
534 856 702 896 viribus
750 855 979 910 accipiunt,
1026 868 1122 908 qua}
1175 853 1347 908 organis
1395 853 1608 908 corporeis

204 932 225 945 “
259 925 525 980 alligantur3
588 924 661 965 sed
714 923 826 964 circa
878 921 958 962 hoc
1010 920 1299 962 diversimode
1354 935 1397 962 sc
1444 920 1608 961 habent

203 998 224 1012 “
257 992 506 1032 intellectus
552 995 595 1032 et
627 991 844 1031 voluntas.
926 988 1043 1029 Nam
1085 988 1332 1029 intellectus
1376 1003 1431 1029 ex
1464 1002 1607 1029 neces-

203 1066 223 1080 “
257 1060 385 1100 sitate.
438 1059 594 1114 accipit
645 1058 699 1099 ab
754 1056 1033 1098 inferioribus
1065 1056 1233 1097 viribus
1285 1055 1610 1111 apprehensi-cis

259 1162 266 1169 .
301 1161 307 1169 .
342 1158 351 1167 .
386 1157 394 1167 .
429 1127 502 1167 sed
534 1126 738 1167 voluntas
770 1140 858 1166 non
891 1139 945 1165 ex
977 1124 1231 1165 necessitate
1264 1124 1461 1178 sequitur
1490 1123 1611 1163 incliu

207 1201 227 1215 “
261 1194 484 1235 nationem
517 1194 735 1248 appetitus
774 1191 997 1233 inferioris.
1063 1191 1186 1232 Licet
1229 1191 1344 1232 enim
1387 1191 1610 1245 passiones

207 1268 227 1282 “
262 1276 357 1316 quse
426 1264 529 1302 eunt
582 1262 628 1301 in
680 1259 887 1301 irascibili
941 1263 984 1300 et
1037 1259 1359 1313 concupiscibili
1420 1258 1611 1299 habeant

209 1336 229 1350 “
264 1329 482 1383 quandam
517 1329 606 1368 vim
648 1328 702 1368 ad
745 1326 1039 1369 inclinandam
1064 1326 1349 1375 voluntatem,
1384 1329 1534 1367 tamen
1566 1325 1612 1365 in

210 1403 230 1416 “
264 1400 481 1451 potestate
514 1395 757 1436 voluntatis
789 1398 985 1436 remanet
1037 1393 1158 1447 sequi
1192 1393 1409 1448 passiones
1441 1393 1511 1434 vel
1543 1406 1612 1433 eas

210 1470 231 1484 “
263 1462 488 1504 refutare?
552 1463 784 1504 Rationem
836 1462 1027 1517 suggerit
1075 1461 1273 1515 deinceps
1320 1475 1395 1501 cur
1440 1461 1528 1509 fiat,
1563 1463 1613 1500 ut

209 1531 443 1586 aliquando
487 1545 590 1571 vera
635 1531 784 1570 dicant
832 1528 1064 1583 astrologi:
1132 1527 1322 1569 “Plures
1375 1528 1611 1577 hominum,

212 1605 232 1619 “
265 1598 428 1638 ibidem
451 1597 671 1638 subnectit
694 1597 748 1637 ad
771 1597 840 1645 iii,
866 1599 1106 1651 sequuntur
1130 1595 1357 1650 passiones,
1393 1609 1490 1650 qua}
1512 1598 1615 1635 sunt

213 1672 233 1686 “
266 1667 412 1706 motus
444 1664 644 1705 sensitivi
676 1664 909 1719 appetitus,
958 1663 1013 1703 ad
1038 1677 1145 1717 quas
1183 1662 1402 1717 cooperari
1433 1665 1615 1717 possunt

213 1737 237 1754 ‘⁶
270 1746 447 1787 corpora
478 1731 699 1782 coelestia3
752 1731 879 1786 pauci
933 1733 1081 1771 autem
1135 1733 1239 1770 sunt
1274 1729 1491 1784 sapientes
1539 1729 1615 1783 qui

215 1806 235 1821 “
267 1799 517 1855 hujusmodi
562 1798 835 1854 passionibus
873 1797 1090 1838 resistant.
1155 1797 1214 1838 Et
1262 1796 1359 1837 ideo
1393 1796 1612 1851 astrologi,

219 1872 238 1889 “
272 1874 321 1908 ut
353 1867 399 1906 in
440 1866 639 1921 pluribus
678 1879 782 1906 vera
815 1868 996 1920 possunt
1037 1864 1281 1919 praedicere,
1336 1867 1380 1904 et
1426 1863 1616 1904 maxime

217 1940 238 1955 ‘⁶
270 1934 317 1974 in
339 1934 570 1984 communi,
614 1947 703 1974 non
755 1936 901 1973 autem
951 1933 997 1972 in
1055 1931 1239 1986 speciali.
1333 1930 1446 1982 Quia
1507 1930 1617 1971 nihil

217 2007 237 2024 “
269 2001 472 2057 prohibet
523 2001 712 2055 aliquem
757 2000 976 2041 hominem
1023 2014 1098 2054 per
1145 1998 1330 2039 liberum
1383 1998 1617 2039 arbitrium

218 2075 238 2090 “
270 2068 540 2124 passionibus
575 2068 784 2109 resistere.
860 2066 992 2108 Unde
1025 2069 1068 2107 et
1099 2065 1182 2121 ipsi
1217 2066 1423 2120 astrologi
1456 2066 1616 2115 dicunt,

220 2142 240 2157 ‘⁴
274 2136 390 2191 quod
422 2136 591 2190 sapiens
625 2135 753 2176 homo
787 2134 1040 2175 dominatur
1062 2133 1201 2182 astris,
1226 2133 1272 2173 in
1295 2136 1507 2187 quantum
1541 2133 1618 2174 sci-

221 2210 241 2225 “
274 2204 376 2244 licet
409 2202 660 2244 dominatur
702 2203 790 2243 suis
822 2200 1131 2256 passionibus.”
1215 2200 1386 2241 Similia
1417 2200 1542 2242 docet
1573 2201 1620 2240 in

221 2270 435 2314 Secunda
479 2269 696 2312 Seoumloe
719 2273 868 2324 (luccst.
892 2270 960 2320 95,
985 2272 1065 2310 (ert.
1090 2271 1112 2307 5
1138 2284 1146 2307 :
1184 2272 1204 2288 ‘⁶
1224 2267 1374 2308 Plures
1395 2268 1619 2308 hominum

224 2345 245 2360 “
278 2338 500 2393 passiones
533 2351 759 2392 corporum
791 2338 1061 2390 sequuntur3
1124 2339 1167 2376 et
1200 2335 1295 2376 ideo
1319 2338 1441 2376 actus
1474 2349 1621 2376 eorum

224 2413 244 2427 “
279 2406 581 2461 disponuntur,
621 2409 671 2445 ut
703 2404 748 2444 in
781 2403 989 2459 pluribus,
1027 2402 1261 2444 secundum
1293 2402 1622 2444 inclinationem

225 2480 246 2495 “
279 2472 522 2515 coelestium
565 2485 790 2526 corporum
866 2470 997 2511 Pauci
1040 2473 1186 2510 autem
1209 2472 1323 2520 sunt,
1346 2469 1391 2510 id
1426 2473 1502 2519 est,
1546 2469 1621 2510 soli

226 2548 247 2563 “
280 2541 508 2597 sapientes,
554 2539 629 2594 qui
681 2538 851 2579 ratione
904 2537 1151 2592 hujusmodi
1193 2536 1495 2577 inclinationes
1537 2550 1626 2576 nio—

227 2616 246 2630 “
282 2610 519 2657 dei-entur3
552 2610 596 2647 et
638 2606 734 2646 ideo
777 2605 987 2658 astrologi
1023 2605 1068 2643 in
1103 2603 1253 2644 multis
1290 2618 1393 2644 vera
1424 2618 1625 2659 praenun-

229 2680 248 2698 “
283 2675 412 2724 ciant,
469 2677 512 2714 et
564 2672 778 2727 praecipue
825 2672 872 2711 in
925 2669 1226 2711 communibus
1278 2671 1507 2712 eventibus
1551 2672 1626 2725 qui

230 2749 250 2764 “
284 2741 533 2797 dependent
581 2753 636 2779 ex
668 2737 988 2779 multitudine.'’
1052 2737 1144 2778 Nec
1175 2751 1287 2778 unus
1319 2742 1383 2779 est
1416 2738 1625 2792 Aquinas,

229 2809 303 2865 qui
335 2808 442 2851 talia
495 2807 675 2857 doceat3
727 2808 832 2847 sunt
877 2805 991 2847 enim
1044 2804 1197 2855 infimi,
1248 2805 1390 2855 medii,
1437 2806 1627 2861 supremi
