1964 3259
200 231 267 287 11]
641 243 948 273 communiuit
981 243 1148 275 srunn.
1513 237 1598 277 413

192 361 331 403 multa
362 361 541 413 invidia,
566 362 790 411 etodium,
826 365 870 403 et
901 376 1064 413 rancor,
1099 366 1142 404 et
1170 362 1245 414 ira,
1279 366 1323 404 et
1355 367 1596 405 nascuntur

194 430 512 485 persecutiones
562 433 740 481 mutuae‚
795 433 840 471 et
899 430 1213 481 contentiones,
1268 434 1312 472 et
1374 431 1497 481 rixae,
1552 436 1596 474 et

191 497 345 553 litigia,
379 502 424 539 et
455 498 639 547 fraudes,
673 500 717 538 et
749 497 848 538 doli.
912 497 1084 539 Deinde
1117 498 1348 553 adquisitis
1404 499 1596 555 dignita-
1616 509 1796 543 Indolenee

192 567 310 607 tibus
357 570 401 607 et
447 565 617 607 divitiis
660 565 798 606 oritur
844 565 1058 621 superbia,
1106 570 1151 607 et
1202 581 1279 622 per
1331 581 1597 623 consequens
1616 554 1772 630 afhtss‘ffffd

192 635 384 676 nascitur
414 634 573 683 acedia,
606 648 703 689 quae
753 636 820 674 est
867 634 1048 676 taedium
1080 635 1185 675 boni
1227 634 1477 690 spiritualis,
1512 650 1597 690 qua
1616 643 1771 692 apquired

193 702 422 743 offendunt
456 702 598 743 Deum
630 702 936 743 omissionibus
975 702 1169 744 omnium
1204 703 1428 753 bonorum,
1463 707 1506 746 et
1538 704 1597 745 sic
1616 688 1805 774 ffi‘gffissyaffil

193 770 433 825 praevalent
464 774 646 825 peccata,
681 784 777 824 quae
808 770 860 811 de
890 771 1145 812 necessitate
1178 774 1398 813 excaecant
1429 771 1597 813 animas
1615 776 1671 807 the
1686 776 1822 809 church.

191 843 236 880 et
257 839 499 893 depravant
520 838 804 888 voluntatem,
830 841 882 880 ut
913 839 1109 894 negligat
1141 842 1185 880 et
1217 842 1471 881 contemnat
1502 840 1596 881 vias

192 906 428 962 sapientiae,
463 909 506 947 et
537 909 589 947 ut
620 907 858 948 secundum
905 907 997 962 ejus
1030 907 1294 963 dignitatem
1332 922 1420 949 non
1452 909 1597 950 valeat

191 975 391 1030 potentia
421 974 650 1016 irascibilis
682 975 864 1031 operari.
930 975 1021 1017 Nec
1053 976 1186 1018 refert
1218 976 1254 1017 si
1287 977 1376 1018 sint
1408 977 1596 1018 multum

191 1046 235 1084 et
257 1057 424 1098 semper
445 1044 492 1084 111
514 1043 672 1095 studio,
696 1047 741 1085 et
762 1044 922 1100 legant,
947 1047 991 1085 ct
1014 1044 1250 1100 disputent,
1276 1048 1320 1087 et
1343 1045 1594 1100 praedicent,

192 1114 237 1152 et
268 1111 419 1153 famosi
457 1113 589 1153 etiam
632 1112 747 1163 sint3
791 1113 997 1167 quoniam
1040 1113 1085 1153 hi
1117 1127 1193 1168 per
1224 1113 1403 1169 longum
1435 1115 1595 1155 exerci-

190 1179 304 1221 tium
336 1179 473 1221 studii
496 1180 636 1222 multa
665 1179 800 1221 verba
832 1179 994 1222 habent
1025 1181 1072 1222 in
1104 1182 1311 1223 memoria
1339 1185 1383 1223 et
1415 1186 1597 1237 possunt

191 1262 402 1298 revocare,
437 1263 534 1289 cum
566 1247 732 1298 volunt,
778 1249 1031 1290 memoriam
1074 1264 1150 1305 per
1202 1250 1512 1305 inspectionem
1545 1251 1595 1291 li-

191 1315 379 1356 brorum.
443 1315 607 1357 Tamen
654 1316 903 1358 recitabunt
947 1317 1081 1358 verba
1127 1318 1311 1359 aliorum
1355 1318 1448 1360 sine
1490 1333 1595 1360 vero

192 1383 429 1435 intellectu,
463 1384 574 1425 sicut
606 1384 815 1440 psittacus
859 1388 904 1426 et
948 1386 1053 1441 pica,
1101 1400 1197 1440 quze
1248 1386 1439 1428 formant
1471 1402 1595 1429 voces

192 1452 404 1492 humanas
446 1466 552 1506 quas
584 1467 672 1493 non
703 1453 968 1508 intelligunt,
1000 1468 1078 1495 nec
1111 1454 1283 1496 animus
1325 1469 1473 1496 eorum
1517 1471 1596 1497 un-

191 1535 321 1574 quam
354 1520 535 1574 quiescit
566 1520 611 1560 in
643 1520 806 1562 lumine
835 1522 1044 1572 veritatis,
1109 1522 1244 1578 Cujus
1277 1523 1476 1578 probatio
1508 1539 1595 1565 non

191 1588 331 1629 solum
378 1591 443 1629 est
488 1602 563 1642 per
605 1602 764 1639 causaS,
808 1589 970 1630 scilicet
1015 1589 1119 1644 quia
1166 1594 1341 1646 peccata
1382 1595 1595 1634 evacuant

189 1655 462 1697 intellectum
485 1656 721 1711 sapientiae,
752 1659 803 1698 ut
825 1660 1047 1699 ostensum
1080 1662 1156 1709 est,
1188 1659 1262 1700 sed
1282 1673 1359 1714 per
1380 1660 1592 1711 effectum,

191 1726 293 1780 quia
324 1725 403 1765 lux
439 1725 676 1780 sapientiae‚
712 1726 887 1781 cognita
920 1726 972 1768 de
1004 1727 1261 1769 necessitate
1299 1727 1509 1784 diligitur,
1543 1734 1594 1771 ut

189 1793 310 1848 prius
362 1794 528 1834 dictum
579 1797 654 1834 est.
719 1793 805 1835 Sed
857 1794 1035 1836 dilectio
1083 1794 1197 1850 parit
1243 1810 1349 1851 opus
1397 1796 1592 1837 debitum

191 1862 415 1917 sapientiae
465 1865 510 1902 et
551 1861 692 1902 vitam
735 1862 774 1903 ei
822 1863 1162 1904 convenientem.
1240 1863 1300 1904 Et
1345 1863 1443 1905 ideo
1496 1879 1593 1906 cum

191 1930 351 1971 vivunt
382 1933 532 1970 contra
566 1930 680 1984 leges
715 1930 953 1985 sapientiis,
988 1930 1252 1985 impossibile
1289 1935 1354 1972 est
1382 1933 1498 1987 quod
1529 1934 1594 1974 in-

191 1997 394 2053 telligant
429 2012 523 2038 eam
556 1997 657 2039 licet
691 1998 915 2039 ruminent
956 1998 1246 2053 grandissima
1282 2000 1415 2041 verba
1433 2016 1443 2052 ;
1480 2001 1593 2042 sicut

191 2066 313 2121 pueri
350 2065 592 2106 vociferant
624 2065 880 2120 psalterium
915 2066 1032 2121 quod
1064 2066 1324 2117 didicerunt,
1364 2071 1409 2109 et
1451 2069 1592 2110 clerici

191 2137 235 2175 et
268 2133 510 2175 sacerdotes
541 2133 707 2174 rurales
740 2133 928 2175 recitant
960 2134 1147 2176 officium
1180 2135 1391 2187 divinum,
1425 2137 1478 2178 de
1507 2152 1592 2192 quo

190 2216 344 2257 parum
386 2204 464 2242 aut
505 2200 617 2242 nihil
661 2201 931 2257 intelligunt,
975 2202 1086 2244 sicut
1122 2203 1263 2245 bruta.
1344 2204 1472 2246 Unde
1514 2220 1591 2261 pro

191 2273 306 2311 certo
329 2270 608 2325 probavimus
630 2270 675 2310 in
707 2270 882 2321 talibus7
906 2271 1020 2325 quod
1041 2271 1151 2312 nihil
1172 2271 1315 2314 sciunt
1336 2273 1591 2315 adinvenire

189 2337 335 2379 studio
376 2338 612 2393 sapientire,
656 2352 735 2380 nec
777 2353 1030 2394 componere
1085 2340 1257 2395 scripta,
1314 2342 1389 2383 sed
1442 2342 1591 2384 alienis

189 2405 409 2447 laboribus
443 2405 698 2447 abutuntur.
