1964 3259
207 238 297 295 111.]
651 246 959 278 COMPENDIUM
991 246 1154 278 srUDn.
1517 239 1602 280 415

207 372 229 388 “
260 366 472 408 nollemus
528 363 693 406 imitari
730 378 828 405 cum
865 364 1008 419 plures
1044 364 1183 405 facere
1231 364 1454 420 coeperint,
1503 366 1606 420 quia

209 441 230 456 “
262 434 534 490 frequentius
570 432 693 488 quasi
715 432 942 473 honestius
963 432 1009 473 id
1031 431 1224 483 facimus,
1250 437 1294 474 et
1327 434 1435 474 recti
1466 434 1606 474 locum

210 510 230 525 ‘⁴
264 503 379 559 apud
423 516 502 544 nos
543 504 664 543 tenet
702 515 819 542 error
860 499 937 541 ubi
970 500 1168 556 publicus
1206 500 1346 542 factus
1382 500 1486 542 est.'’
1548 502 1607 543 Et

208 572 364 613 scimus
404 586 481 626 per
551 569 865 625 experientiam
913 569 1128 624 propriam
1174 569 1222 610 in
1274 569 1398 610 nobis
1455 575 1499 611 et
1560 570 1607 610 in

207 639 315 691 aliis,
361 638 478 694 quod
520 638 611 679 haec
659 637 745 678 tria
782 637 946 678 cadunt
987 637 1035 677 in
1082 637 1281 692 pluribus
1326 652 1455 693 super
1500 638 1608 680 falsa

207 711 252 749 et
302 707 426 748 mala.
511 705 676 757 Quodsi
728 705 966 759 aliquando
1018 708 1122 746 sunt
1183 705 1309 756 bona,
1363 706 1505 748 adhuc
1561 708 1608 748 in

207 775 405 831 pluribus
456 777 559 815 sunt
600 772 864 828 imperfecta,
898 772 964 814 ita
998 773 1115 828 quod
1155 773 1375 815 rarissime
1416 775 1609 816 trahitur

208 843 457 899 exemplum
496 841 832 898 imperfectionis
864 841 911 882 in
947 842 1317 892 consuetudinem,
1352 857 1428 884 seu
1458 843 1506 884 in
1537 858 1609 885 ve-

207 912 385 953 ritatem
427 911 533 952 vitae
575 924 652 952 seu
676 909 883 951 scientiae.
947 909 1007 951 Et
1041 910 1202 967 vulgus
1246 910 1469 953 infirmum
1497 926 1608 953 nun-

210 994 342 1035 quam
384 979 441 1020 ad
493 978 661 1034 aliquid
711 977 951 1034 perfectum
982 979 1117 1029 venit,
1156 993 1235 1021 nec
1275 994 1425 1036 capere
1467 984 1610 1036 potest

209 1048 255 1089 in
297 1047 443 1102 aliquo
476 1050 598 1088 statu
629 1060 678 1088 ea
710 1061 807 1102 quae
844 1046 1123 1102 perfectionis
1154 1051 1267 1089 sunt.
1329 1047 1447 1089 Nam
1478 1049 1609 1104 vulgo

209 1115 367 1158 sufficit
408 1118 460 1157 ut
501 1129 591 1156 non
627 1118 752 1165 erret,
791 1115 964 1156 utinam
1008 1129 1097 1156 non
1134 1119 1297 1158 erraret
1327 1117 1374 1157 in
1414 1116 1481 1158 his
1513 1132 1610 1173 quae

209 1184 450 1226 necessaria
501 1186 616 1226 sunt.
695 1183 781 1225 Sed
834 1183 1032 1224 videmus
1064 1184 1208 1239 ipsum
1239 1185 1399 1240 vulgus
1430 1186 1611 1228 humani

209 1253 379 1308 generis
425 1251 514 1293 fere
558 1252 606 1293 in
649 1251 851 1293 omnibus
892 1266 1044 1300 errare,
1090 1266 1178 1293 non
1225 1253 1364 1294 solum
1408 1253 1456 1294 in
1493 1268 1611 1296 sacra

212 1320 438 1376 sapientia,
474 1320 549 1360 sed
581 1319 629 1360 in
663 1319 946 1375 philosophia,
993 1323 1044 1361 ut
1087 1320 1211 1362 facile
1256 1324 1382 1377 patet
1413 1322 1608 1378 sapienti.

213 1388 369 1430 Matris
421 1387 619 1443 exempla
670 1388 865 1442 sequitur
910 1388 1012 1439 filia,
1066 1389 1203 1445 patris
1254 1389 1381 1439 filius,
1446 1391 1612 1431 domini

213 1470 373 1506 servus,
408 1456 579 1512 praelati
611 1455 824 1505 subditus,
859 1456 1059 1512 magistri
1092 1457 1337 1513 discipulus.
1400 1457 1495 1499 Nec
1526 1459 1611 1500 dis-

212 1524 427 1566 cernimus
459 1538 485 1564 a
510 1523 748 1579 juventute
793 1539 849 1564 an
888 1524 1088 1580 exempla
1131 1525 1349 1566 seniorum
1395 1527 1484 1567 sint
1515 1526 1611 1567 imi-

213 1593 353 1634 tanda
384 1592 455 1633 vel
497 1606 586 1633 non
603 1607 613 1643 3
659 1591 734 1633 sed
765 1592 927 1647 passim
960 1593 1107 1634 omnia
1138 1594 1368 1649 recipimus
1400 1598 1613 1650 tanquam

213 1659 444 1709 salutifera,
490 1674 588 1701 cum
640 1662 789 1701 tamen
833 1663 884 1701 ut
931 1661 977 1701 in
1009 1661 1210 1717 pluribus
1255 1666 1298 1703 et
1344 1662 1613 1718 frequentius

213 1732 316 1770 sunt
354 1727 568 1784 pestifera,
602 1730 695 1769 tam
738 1728 787 1769 in
837 1728 985 1770 studio
1030 1744 1160 1784 quam
1205 1730 1252 1771 in
1304 1731 1408 1772 vita.
1493 1731 1614 1773 Dicit

213 1798 329 1839 enim
352 1796 518 1838 Tullius
550 1797 598 1837 in
631 1796 869 1838 Hortensio
895 1794 932 1838 :¹
985 1797 1215 1849 “Quidam
1249 1799 1445 1841 obsecuti
1476 1801 1613 1842 amico

215 1869 238 1887 “
271 1866 454 1915 cuidam,
478 1868 556 1906 aut
577 1879 666 1906 una
697 1879 795 1906 cum
822 1865 968 1920 aliquo
991 1880 1120 1920 quem
1152 1866 1387 1908 audierunt
1419 1869 1612 1910 oratione

272 1933 397 1989 capti,
443 1933 496 1973 de
539 1933 667 1974 rebus
710 1933 943 1987 incognitis
996 1934 1209 1988 judicant,
1263 1937 1307 1976 et
1358 1936 1413 1976 ad
1465 1951 1612 1991 quam—

216 2007 238 2022 “
272 2015 441 2056 cunque
473 2000 746 2056 disciplinam
779 2001 902 2055 quasi
928 2004 1190 2057 tempestate
1227 2002 1372 2051 delati,
1403 2007 1613 2060 tanquam

217 2074 238 2092 “
272 2070 328 2110 ad
360 2084 514 2110 saxum
546 2069 866 2110 inhaerescunt.
890 2100 900 2110 .
932 2102 940 2110 .
964 2069 1224 2125 Plerumque
1255 2085 1396 2113 errare
1428 2073 1611 2124 malunt,

217 2142 453 2192 “eamque
516 2137 777 2179 sententiam
830 2151 962 2192 quam
1003 2138 1321 2181 adamaverunt
1372 2140 1611 2192 defendere,

219 2212 241 2227 “
273 2221 403 2261 quam
437 2206 529 2247 sine
560 2205 800 2261 pertinacia
831 2206 1077 2261 perquirere
1110 2207 1216 2262 quid
1267 2210 1613 2252 constantissime

219 2279 242 2296 ‘⁶
273 2273 479 2316 dicatur.'’
542 2273 823 2316 Consuetudo
868 2274 1043 2329 quidem
1085 2276 1221 2317 altera
1251 2280 1410 2318 natura
1456 2282 1532 2330 est,
1563 2282 1613 2320 ut

216 2342 323 2383 dicit
364 2341 622 2384 Aristoteles
665 2342 775 2383 libro
819 2342 1170 2385 Problematum.2
1235 2344 1366 2387 Unde
1410 2345 1613 2389 Jeremiae

216 2410 347 2451 tertio
370 2410 534 2452 decimo
567 2409 758 2466 capitulo
779 2410 904 2466 [23]:
943 2411 1028 2452 “Si
1059 2415 1228 2454 mutare
1254 2417 1397 2468 potest
1430 2414 1614 2475 Ethiops

220 2484 242 2499 “
274 2478 429 2533 pellem
463 2493 597 2528 suam,
622 2482 667 2520 et
689 2479 850 2534 pardus
880 2480 1139 2521 varietatem
1175 2495 1307 2531 suain,
1332 2485 1376 2524 et
1398 2497 1474 2524 vos
1495 2487 1613 2539 pote-

220 2552 241 2567 “
274 2546 370 2588 ritis
397 2547 647 2589 benefacere
677 2561 775 2589 cum
808 2547 1046 2590 didiceritis
1076 2548 1228 2591 mala?
1290 2550 1349 2592 Et
1379 2551 1475 2593 ideo
1508 2552 1614 2594 dicit

216 1937 239 1955 C<

267 2831 275 2850 ¹
297 2832 328 2863 in
346 2830 536 2874 Hortensio]
555 2832 660 2866 Acad.
678 2833 784 2866 Prior.
802 2833 836 2867 ii.
854 2837 884 2866 3.
920 2831 926 2877 Ι
991 2834 1002 2852 ²
1016 2833 1267 2877 Problemaezmz]
1288 2840 1323 2866 ut
1340 2845 1446 2877 supra.
