1964 3259
366 264 450 305 468
865 272 1036 304 Rocmzi
1067 270 1262 304 BAcoms
1653 263 1770 320 [CAP.

363 395 486 434 retur
519 391 813 448 interpretari,
849 394 900 434 ut
945 392 1150 448 oportuit,
1191 390 1437 433 deriserunt
1480 405 1548 434 me
1581 391 1771 449 Hispani

364 461 578 503 scholares
618 462 712 512 mei,
749 477 776 503 a
814 461 974 517 quibus
1016 464 1168 517 postea
1214 460 1348 502 didici
1390 460 1507 515 quod
1552 474 1641 502 non
1687 461 1772 504 fuit

362 530 614 579 Arabicum,
667 533 718 572 ut
775 544 923 571 omnes
976 530 1174 572 doctores
1233 528 1429 579 credunt,
1478 529 1553 571 sed
1609 529 1771 586 Hispa-

362 614 496 649 num;
529 602 574 640 et
603 602 669 640 est
706 613 853 641 semen
885 598 1162 655 cassilaginis.
1227 597 1511 640 Hermannus
1533 598 1772 641 translator

361 667 497 709 mihi1
533 667 658 709 dixit.
736 667 795 709 Et
826 667 885 709 sic
917 670 982 709 est
1015 667 1068 709 de
1100 667 1197 708 aliis
1229 666 1637 719 innumerabilibus,
1670 668 1771 710 licet

362 737 442 778 hoc
474 736 623 778 Latini
665 736 863 778 doctores
905 735 1112 786 nesciant,
1144 750 1222 778 nec
1263 735 1617 778 verecundantur
1668 736 1770 778 licet

359 805 564 861 ignorent
595 804 1012 860 interpretationes3
1044 805 1146 860 quia
1177 804 1398 847 {estimant
1421 819 1511 847 esse
1531 804 1771 847 Arabicum

361 874 432 916 vel
482 873 694 924 (heccum,
726 876 770 915 et
803 874 956 916 dicunt
989 874 1107 930 quod
1154 876 1418 916 excusantur
1464 876 1642 930 propter
1688 874 1770 915 lin-

360 957 547 998 guarum
578 942 886 998 ignorantiam,
910 942 1012 998 quia
1043 942 1134 985 haec
1155 942 1407 999 ignorantia
1429 946 1494 984 est
1516 943 1767 984 communis.

362 1011 429 1052 De
463 1025 549 1066 qua
580 1024 708 1052 causa
740 1013 806 1052 est
838 1010 1102 1066 perversitas
1149 1011 1451 1053 translationis
1496 1011 1689 1053 maxime
1722 1011 1769 1053 in

360 1079 485 1120 libris
518 1078 774 1120 Aristotelis
827 1082 872 1120 et
924 1078 1118 1120 scientiis
1160 1078 1264 1134 ejus,
1315 1094 1413 1135 quae
1461 1083 1565 1121 sunt
1612 1079 1768 1122 funda-

360 1151 559 1189 mentum
608 1147 747 1189 totius
800 1146 937 1188 studii
970 1147 1210 1203 sapientiae.
1292 1147 1436 1199 Quare
1485 1148 1561 1203 qui
1593 1148 1769 1204 ignorat

360 1216 454 1272 ejus
500 1216 679 1265 labores,
734 1216 781 1257 in
824 1230 988 1257 vanum
1035 1216 1206 1257 laborat
1251 1219 1295 1258 et
1347 1215 1475 1258 littus
1529 1220 1638 1269 arat,
1689 1231 1770 1259 nec

360 1300 555 1341 unquam
587 1287 733 1341 potest
764 1284 812 1325 in
844 1285 942 1326 aliis
973 1284 1233 1341 promoveri.
1299 1283 1371 1326 Sic
1403 1285 1632 1327 translatae
1665 1289 1770 1328 sunt

360 1358 404 1396 et
436 1354 630 1396 scientiae
664 1368 925 1402 communes,
959 1356 1010 1395 ut
1042 1353 1194 1410 logica,
1228 1353 1447 1395 naturalis
1479 1353 1767 1409 philosophia,

359 1422 686 1475 mathematica,
735 1425 787 1464 ut
834 1422 981 1464 nullus
1027 1421 1226 1463 mortalis
1289 1422 1428 1477 possit
1470 1422 1639 1478 aliquid
1678 1423 1771 1479 dig-

361 1507 468 1533 num
517 1492 569 1533 de
602 1491 664 1533 eis
723 1491 972 1547 intelligere
1017 1490 1241 1541 veraciter,
1291 1491 1404 1532 sicut
1452 1505 1530 1547 ego
1563 1495 1770 1547 expertus

358 1576 455 1602 sum
499 1560 690 1602 omnino.
785 1559 901 1611 Quia
949 1562 993 1601 et
1037 1559 1190 1600 audivi
1235 1559 1470 1615 diligenter
1521 1561 1675 1616 plures,
1725 1563 1770 1602 et

357 1629 443 1685 legi
489 1629 586 1684 plus
631 1643 763 1683 quam
816 1628 936 1678 alius,
986 1631 1037 1669 ut
1070 1642 1219 1669 omnes
1262 1628 1339 1682 qui
1380 1628 1543 1670 nutriti
1586 1632 1691 1670 sunt
1721 1629 1768 1670 in

361 1697 510 1740 studio
552 1711 642 1738 non
679 1697 897 1753 ignorant.
992 1696 1141 1738 Litera
1185 1696 1303 1737 enim
1345 1711 1423 1738 sua
1466 1698 1532 1738 est
1580 1697 1645 1738 ita
1680 1711 1769 1738 me-

358 1766 512 1816 reti-iX,
549 1765 669 1821 quod
701 1765 901 1806 solebant
923 1765 1144 1820 sapientes
1176 1764 1330 1814 dicere,
1364 1765 1480 1820 quod
1513 1765 1694 1820 exponit
1725 1780 1769 1807 se

136 1854 320 1895 Squabbles
360 1835 553 1885 cuilibet,
590 1837 634 1875 et
665 1834 713 1874 in
746 1848 919 1875 omnem
950 1836 1123 1889 partem
1165 1832 1367 1884 vertitur,
1401 1848 1480 1875 nec
1513 1836 1578 1875 est
1609 1833 1768 1889 aliquis

134 1899 172 1929 of
184 1900 240 1930 the

134 1944 269 1975 learned

362 1903 439 1961 qui
472 1918 522 1944 ea
554 1902 760 1944 familiari
802 1902 1031 1943 intellectu
1068 1905 1214 1957 potest
1246 1902 1446 1957 gaudere,
1486 1902 1561 1943 sed
1602 1902 1769 1943 labitur

135 1989 234 2020 about
250 1989 305 2020 the
359 1987 385 2014 a
416 1972 615 2028 quolibet
669 1970 760 2026 ejus
808 1970 1010 2021 intentio,
1065 1969 1177 2011 sicut
1229 1970 1423 2025 anguilla
1469 1970 1636 2012 lubrica
1677 1985 1766 2012 non

133 2033 291 2075 meaning
309 2033 346 2065 of

132 2077 301 2110 Aristotle.

358 2044 503 2097 potest
535 2040 676 2082 teneri
709 2039 912 2080 manibus
954 2038 1242 2080 attrectantis.
1309 2038 1445 2093 Cujus
1468 2038 1603 2080 etiam
1626 2039 1765 2080 mani-

355 2110 467 2152 festa
513 2108 714 2165 probatio
747 2111 813 2149 est
846 2106 1080 2149 diversitas
1126 2107 1393 2162 opinionum.
1473 2107 1587 2159 Quia
1628 2123 1765 2163 quan-

355 2182 626 2232 tumcunque
685 2176 775 2217 sint
837 2175 1023 2217 studiosi
1085 2174 1292 2225 homines,
1362 2178 1405 2217 et
1470 2174 1766 2218 desiderantes

355 2246 589 2289 veritatem
622 2244 826 2294 scientiae‚
850 2243 997 2285 nullus
1026 2244 1260 2285 concordat
1292 2257 1390 2284 cum
1422 2243 1518 2284 alio.
1598 2244 1685 2286 Sed
1717 2244 1764 2285 111

355 2329 445 2356 uno
479 2329 610 2370 passu
641 2328 756 2354 unus
789 2313 897 2354 dicit
928 2312 1019 2363 hoc,
1045 2315 1090 2353 et
1131 2312 1242 2353 alius
1280 2311 1557 2364 contrarium,
1601 2316 1645 2354 et
1676 2316 1764 2354 ter-

354 2382 445 2424 tius
509 2380 916 2431 contradictorium,
953 2384 997 2421 et
1047 2383 1229 2434 quartus
1292 2379 1525 2430 diversum,
1581 2383 1625 2421 et
1687 2374 1762 2421 alii

355 2449 574 2505 quotlibet
599 2448 734 2504 juxta
765 2462 940 2489 sensum
985 2461 1122 2488 suum.
1187 2446 1246 2488 Et
1292 2447 1372 2487 hoc
1424 2447 1558 2488 etiam
1591 2447 1760 2499 accidit,

355 2518 460 2573 quia
486 2517 614 2572 longe
647 2516 803 2566 minus,
829 2519 872 2557 et
895 2515 988 2556 sine
1021 2514 1354 2570 comparatione,
1379 2514 1516 2556 scitur
1546 2515 1685 2565 modo,
1710 2517 1762 2557 de

354 2585 631 2642 philosophia
677 2583 930 2625 Aristotelis
962 2597 1093 2638 quam
1136 2582 1392 2637 antiquitus.
1470 2582 1614 2634 Quare
1646 2598 1762 2625 nunc

355 2654 419 2695 nil
466 2653 586 2695 aliud
630 2655 696 2694 est
747 2651 833 2694 nisi
877 2651 993 2707 quod
1036 2650 1222 2706 quilibet
1268 2665 1365 2692 cum
1398 2650 1483 2692 alio
1522 2653 1758 2704 contendit,

910 2860 917 2877 ¹
938 2859 1030 2902 mihi]
1058 2859 1176 2892 nihil)
