1964 3259
763 273 877 304 opus
908 273 1062 304 MINUS.
1527 263 1610 303 345

212 389 416 438 dictandi,
460 391 510 429 ut
552 388 643 443 ipse
687 387 804 436 dicit,
839 384 984 428 omisit
1026 387 1290 441 aliquotiens
1329 387 1381 428 de
1425 387 1612 428 veritate
1631 386 1778 436 Var{ous

215 456 442 507 Hebra'ica,
467 471 563 511 quae
595 456 784 497 recolens
817 457 860 496 et
891 468 1112 495 resumens
1144 454 1191 495 in
1212 454 1399 496 secunda
1421 454 1611 496 editione
1629 431 1833 516 ἶῑῗῖδὲίῗῗρῗῖ

213 539 290 565 sua
331 524 517 579 priorem
559 522 736 577 corrigit
778 521 1123 563 translationem.
1187 522 1319 563 Unde
1362 537 1458 577 quie
1500 522 1727 562 11101οῑ111Ὂὸ-

213 592 442 633 transtulit
488 592 535 632 in
568 588 724 639 Esaia,¹
759 604 981 631 resumens
1023 590 1069 630 in
1107 591 1296 632 secunda
1327 589 1614 631 translatione

211 660 257 700 111
290 660 502 715 originali,
537 659 692 714 quinto
724 659 847 709 libro,
882 657 1021 699 dicit:
1059 659 1155 699 “In
1199 674 1248 700 eo
1282 674 1451 714 quoque
1500 658 1615 713 quod

214 732 235 749 ‘⁵
269 727 573 769 transtulimus
604 726 930 769 inmwvcmtem
968 730 1012 767 et
1046 725 1365 778 checbvz'entem,
1399 760 1407 768 .
1441 761 1448 769 .
1482 761 1489 768 .
1535 741 1614 767 nos

216 800 238 817 ‘⁴
270 799 418 837 autem
447 795 626 836 verbum
652 795 918 835 Hebrai'cum
940 794 1152 849 Assmon,‘·'
1176 795 1280 835 dum
1303 795 1497 836 celeriter
1518 809 1615 849 quae

215 869 235 884 ‘⁶
269 864 429 918 scripta
459 866 562 904 sunt
583 863 808 913 vertimus,
834 862 1126 918 ambiguitate
1164 863 1332 918 decepti
1364 863 1611 918 refroem‘m-

216 935 238 952 “
271 935 356 972 tem
398 929 625 972 diximus.”
704 929 764 971 Et
807 930 925 971 aliud
979 931 1097 985 quod
1141 930 1187 971 in
1229 931 1379 972 eodem
1427 931 1616 985 capitulo

212 998 414 1040 similiter
454 998 565 1040 male
616 997 911 1046 transtulerat,
964 998 1193 1039 revolvens
1250 998 1399 1040 eodem
1462 999 1616 1053 quinto

213 1066 359 1107 libro:
396 1070 419 1088 “
443 1065 601 1107 Melius
639 1080 735 1107 reor
777 1065 1002 1121 proprium
1056 1080 1242 1107 errorem
1289 1066 1614 1122 reprehendere,

216 1138 238 1155 ‘³
271 1148 401 1189 quam
435 1134 540 1175 dum
583 1134 787 1175 erubesco
830 1133 1098 1188 imperitiam
1140 1134 1347 1182 confiteri,
1381 1135 1429 1174 in
1475 1148 1615 1175 errore

216 1206 238 1223 “
270 1202 507 1257 persistere.
572 1201 628 1242 In
661 1216 709 1243 eo
741 1215 845 1242 vero
877 1201 993 1256 quod
1016 1201 1243 1243 transtuli:
1273 1202 1371 1243 “Et
1395 1202 1478 1243 erit
1500 1206 1616 1243 terra

213 1274 235 1291 “
268 1269 292 1310 J
301 1270 389 1310 uda
411 1270 608 1325 AEgypto
632 1269 678 1309 in
700 1269 1002 1318 festivitatem,
1018 1269 1065 1309 in
1083 1269 1272 1311 Hebraeo
1295 1270 1456 1325 legitur
1473 1271 1508 1310 A
1517 1284 1614 1324 gysla,

216 1342 239 1359 “
272 1337 389 1392 quod
440 1337 720 1392 interpretari
767 1340 913 1392 potest
957 1336 1195 1392 festivitas.
1260 1337 1391 1379 Unde
1436 1351 1614 1392 (cssyseus

217 1410 239 1427 “
272 1406 318 1446 in
354 1404 577 1460 festivum
609 1405 810 1454 Vertitur,
860 1409 904 1446 et
938 1404 1087 1454 tamor,
1136 1405 1251 1460 quod
1299 1405 1616 1461 significantius

217 1477 237 1495 “
274 1473 434 1527 Aquila
476 1472 704 1514 transtulit
749 1471 962 1527 gyyrosc'vm,
1007 1487 1104 1513 cum
1147 1472 1304 1527 aliquis
1346 1473 1531 1528 pavidus
1573 1476 1617 1514 et

217 1546 239 1562 ‘⁴
272 1541 452 1582 timidus
496 1540 804 1588 circumfertur,
849 1544 893 1581 et
934 1540 1244 1581 advenientem
1286 1540 1493 1581 formidat
1533 1540 1616 1581 ini-

272 1608 469 1649 micum.'’
532 1608 648 1663 Ergo
681 1607 718 1648 si
750 1607 1014 1649 voluerimus
1049 1608 1095 1648 in
1124 1608 1285 1649 bonam
1308 1612 1477 1663 partem
1511 1608 1618 1650 acci-

216 1682 237 1699 “
270 1692 381 1732 pere,
416 1675 533 1730 quod
565 1675 805 1717 recordatio
838 1675 867 1716 J
871 1676 968 1717 udae
998 1675 1192 1731 [Egypto
1225 1676 1283 1717 sit
1314 1676 1474 1731 gaudii,
1503 1681 1617 1718 recte

216 1750 236 1766 ‘⁴
259 1743 489 1800 festivitas
533 1743 701 1784 dicitur.
766 1742 846 1784 Sin
887 1747 1045 1793 autem,
1079 1747 1131 1784 ut
1172 1744 1371 1795 arbitror,
1405 1744 1450 1785 111
1488 1744 1617 1786 timo-

217 1818 240 1836 “
272 1827 367 1854 rem
397 1827 475 1868 pro
496 1810 744 1867 festivitate
776 1811 977 1860 vertitur,
1011 1811 1307 1867 intelligamus
1341 1812 1616 1854 formidinem

217 1885 239 1902 “
272 1881 342 1922 vel
389 1878 630 1935 pavorem?³
696 1878 807 1920 Cum
850 1879 986 1934 igitur
1027 1879 1072 1919 in
1120 1879 1275 1920 Bibliis
1325 1880 1485 1921 nostris
1527 1895 1615 1921 om-

216 1949 345 1989 nibus
391 1947 594 2001 antiquis,
642 1950 686 1987 et
739 1961 836 2001 quae
888 1946 1065 1987 fuerunt
1117 1950 1311 2002 tempore
1358 1947 1528 2000 Isidori,
1573 1952 1616 1990 et

216 2016 347 2057 etiam
400 2029 496 2069 quae
550 2013 691 2054 adhuc
742 2016 911 2054 restant
970 2014 1133 2069 ubique
1183 2014 1421 2070 regionum,
1475 2019 1519 2057 et
1570 2016 1616 2056 in

217 2082 526 2138 posterioribus
579 2081 732 2122 Bibliis
784 2081 840 2121 ad
886 2081 976 2122 ulla
1028 2082 1290 2137 exemplaria
1345 2084 1617 2139 transcriptis

216 2150 464 2192 invenimus
494 2149 541 2189 in
574 2148 704 2189 Esaia
744 2147 1063 2204 wefraemmtem
1099 2152 1144 2190 et
1175 2149 1480 2205 festivitatem,
1519 2166 1616 2206 quae

217 2217 428 2260 vocabula
458 2231 502 2257 se
533 2215 808 2257 transtulisse
830 2215 1128 2272 Hieronymus
1159 2221 1384 2269 memorat,
1408 2221 1452 2260 et
1472 2222 1617 2260 mutat

217 2286 264 2327 in
311 2284 524 2340 originali,
558 2286 682 2339 patet
727 2283 842 2338 quod
887 2298 1009 2324 suam
1054 2284 1242 2325 correxit
1285 2285 1615 2328 translationem

217 2368 347 2409 quam
378 2355 589 2400 tenemus,
624 2354 668 2392 et
699 2365 788 2392 non
820 2351 1016 2392 alienam.
1081 2351 1295 2393 Similiter
1327 2354 1443 2408 quod
1474 2357 1615 2395 trans-

217 2422 323 2463 tulit
346 2421 466 2462 Ezec.
485 2419 574 2461 xlii.
596 2419 698 2475 [2.]:
736 2423 757 2440 ‘⁶
775 2419 1116 2475 Longitudinem
1139 2420 1475 2476 quingentorum
1498 2422 1616 2464 cubi-

217 2494 240 2511 “
273 2486 458 2539 torum‚’'
491 2491 663 2529 revocat
708 2487 823 2542 quod
869 2487 975 2529 dicit
1018 2487 1274 2530 cubitorum
1287 2504 1305 2540 ,·
1347 2489 1463 2531 unde
1495 2490 1614 2539 dicit,

217 2557 264 2597 in
316 2555 516 2612 originali
570 2555 698 2611 [non]
749 2555 806 2597 sit
852 2555 971 2596 istud
1024 2556 1140 2610 quod
1186 2559 1336 2598 nostra
1387 2558 1615 2599 translatio

218 2625 361 2676 habet,
393 2624 496 2666 dum
528 2623 747 2666 celeritate
779 2623 973 2665 dictandi
1005 2624 1149 2665 minus
1186 2627 1313 2666 caute
1348 2626 1614 2680 prospexeri-

216 1614 224 1630 ζ

232 1614 241 1630 os

266 2839 273 2857 ¹
294 2838 420 2879 Esaia]
447 2848 517 2878 cap.
537 2838 606 2869 xix.
628 2841 677 2869 14.
920 2837 924 2878 l
1001 2838 1012 2854 ’·“
1029 2836 1167 2879 Aymon]
1187 2837 1348 2877 accidens,
1364 2839 1435 2872 MS.
