1964 3259
186 263 288 319 ΧΠ]
711 273 825 304 orus
855 272 1065 304 TERTIUM.
1527 265 1582 306 43

188 389 352 447 Majore
384 390 535 447 Opere,
568 390 671 446 quia
700 404 788 431 non
819 390 1021 445 proposui
1065 392 1170 432 tunc
1214 388 1395 431 scribere
1427 389 1479 432 de
1510 390 1581 432 eis.

188 459 273 501 Sed
304 462 453 515 postea
495 459 542 500 in
573 459 741 500 Minore
774 456 913 512 Opere
943 457 1038 499 vidi
1069 460 1360 513 opportunum
1404 471 1503 508 esse,
1537 462 1582 499 et

186 528 334 584 scripsi
365 542 461 584 quae
491 527 755 570 videbantur
784 525 893 567 mihi
924 525 1137 581 expedire.

745 768 850 811 CAP.
885 768 1020 810 XIII.

246 931 338 973 SED
370 934 527 988 praetcr
558 932 635 973 has
667 931 866 973 scientias
898 934 963 974 est
993 946 1081 973 una
1112 932 1339 988 perfectior
1370 931 1581 981 omnibu&
1604 943 1744 985 Experi-

185 999 254 1042 cui
285 1014 432 1042 omnes
464 1000 741 1050 famulantur,
776 1003 821 1042 et
852 1015 949 1056 quae
980 1014 1127 1042 omnes
1158 1000 1268 1042 miro
1299 1000 1428 1042 modo
1459 1000 1582 1042 certi-
1604 987 1810 1074 {¹333}th

183 1068 310 1109 ficat:
371 1071 416 1110 et
473 1069 565 1110 haec
614 1071 797 1110 vocatur
841 1069 1022 1110 scientia
1080 1069 1441 1123 experimentali&
1486 1082 1583 1123 quae
1723 1068 1734 1075 ⁹

183 1136 367 1192 negligit
398 1139 667 1192 argumenta,
700 1137 906 1191 quoniam
937 1151 1026 1178 non
1065 1137 1314 1187 certificant,
1349 1139 1581 1192 quantun]-

185 1219 354 1260 cunque
400 1205 489 1246 sint
523 1205 665 1256 fortia,
709 1205 794 1246 nisi
835 1205 964 1246 simul
1007 1204 1122 1246 adsit
1169 1204 1441 1260 experientia
1484 1219 1581 1246 con-

184 1272 397 1323 clusionis,
430 1275 482 1314 ut
513 1273 694 1315 ostendo
725 1273 773 1314 in
804 1275 996 1315 tractatu
1033 1273 1085 1314 cle
1128 1273 1213 1314 ista
1259 1273 1446 1314 scientia.
1524 1273 1583 1314 Et

185 1339 283 1381 ideo
314 1340 407 1382 haec
438 1341 564 1383 (locet
605 1341 793 1396 experiri
839 1341 1132 1383 conclusiones
1174 1341 1340 1382 nobiles
1387 1340 1581 1382 omnium

187 1408 474 1460 scientiarum,
522 1423 619 1463 quae
660 1409 707 1449 in
748 1409 844 1450 aliis
878 1409 1068 1450 scientiis
1109 1412 1186 1450 aut
1226 1408 1468 1464 probantur
1507 1423 1583 1464 per

184 1480 450 1532 argumenta,
484 1480 561 1517 aut
581 1477 905 1532 investigantur
925 1491 1001 1532 per
1021 1477 1310 1532 experientias
1339 1476 1580 1518 naturales¹

187 1548 230 1585 ct
260 1544 561 1599 imperfectas3
593 1547 636 1585 et
667 1545 755 1586 haec
798 1548 863 1585 est
892 1559 981 1585 una
1014 1545 1105 1599 ejus
1137 1544 1438 1600 praerogativa,
1473 1544 1584 1585 sicut

187 1626 265 1667 ego
311 1612 359 1653 in
402 1615 526 1653 sexta
555 1616 679 1667 parte
713 1612 866 1667 Operis
909 1612 1088 1667 Majoris
1105 1610 1119 1633 ²
1161 1612 1351 1661 ostendo,
1399 1612 1447 1652 in
1487 1626 1586 1653 con-

185 1679 448 1721 clusionibus
491 1679 702 1721 naturalis
733 1679 1020 1735 philosophiae
1061 1682 1105 1721 et
1152 1679 1444 1735 perspectivae,
1490 1694 1587 1735 quae

185 1751 288 1789 sunt
332 1748 540 1789 veritates
587 1747 772 1790 sciendae
813 1747 923 1789 circa
965 1748 1130 1797 iridem,
1165 1751 1209 1789 et
1250 1747 1430 1790 circulos
1476 1748 1586 1790 colo-

187 1819 304 1858 ratos
335 1815 447 1857 circa
477 1816 637 1865 lunam,
672 1819 716 1857 et
747 1815 892 1866 solem,
926 1819 970 1857 et
1001 1816 1157 1857 stellas.

247 1883 306 1924 Et
347 1884 526 1924 ostendo
571 1883 635 1924 ibi
677 1883 915 1923 maximam
958 1886 1232 1938 potestatem,
1277 1897 1409 1937 quam
1454 1883 1588 1925 habet
1605 1890 1746 1932 Experi-

186 1951 277 1992 haec
308 1951 489 1992 scientia
509 1965 637 2006 super
657 1950 763 1991 alias
784 1950 1091 1993 certificandas.
1154 1950 1390 1992 Naturales
1412 1951 1587 2006 quidem
1604 1937 1766 2022 ἓῇζᾟδξ
1778 1981 1817 2014 of

186 2019 234 2059 in
275 2018 387 2059 libro
430 2018 723 2060 Meteororum
765 2018 1024 2070 Aristotelis,
1058 2022 1102 2060 et
1141 2019 1412 2074 perspectivi,
1455 2034 1585 2076 nego·
1603 2025 1766 2074 certainty

187 2086 356 2127 tiantur
387 2085 497 2127 circa
527 2086 618 2128 haec
647 2085 936 2137 certificanda,
969 2086 1044 2127 sed
1074 2086 1121 2127 in
1152 2101 1343 2139 vanum3
1375 2087 1478 2143 quia
1497 2088 1587 2129 sola
1603 2069 1758 2146 ἑξίἑξὲςε,

187 2154 456 2210 experientia
485 2153 695 2195 certificat
724 2153 805 2204 hic,
836 2157 880 2195 et
910 2169 999 2195 non
1029 2158 1343 2210 argumentum.
1407 2156 1466 2197 Et
1490 2156 1587 2198 ideo

188 2237 301 2278 pono
351 2222 515 2264 radices
560 2222 927 2278 experientiarum
973 2222 1084 2264 circa
1134 2223 1228 2275 ista,
1283 2238 1390 2278 quas
1440 2224 1586 2266 nullus

190 2291 443 2332 Latinorum
465 2293 608 2346 potest
629 2290 883 2346 intelligere,
898 2290 983 2331 nisi
1003 2305 1117 2332 unus
1134 2306 1143 2343 ;
1176 2290 1360 2333 scilicet3
1379 2292 1588 2349 magister
1603 2304 1723 2338 Petrus
1739 2307 1779 2338 ‹L›

191 2358 356 2401 Petrus.
441 2359 501 2400 Et
532 2359 592 2400 sic
623 2357 717 2400 est4
748 2359 802 2400 de
833 2358 930 2399 aliis
960 2358 1089 2400 rebus
1119 2359 1404 2402 naturalibus.
1485 2360 1588 2402 Alia
1605 2350 1764 2427 {ffifflm'

188 2430 254 2469 est
300 2426 492 2483 dignitas
537 2425 667 2481 hujus
707 2425 908 2478 scientiae,
962 2427 1079 2481 quod
1124 2428 1335 2470 certificat
1379 2428 1587 2472 veritates

187 2494 353 2536 nobiles
383 2495 430 2536 in
459 2494 657 2536 terminis
687 2493 872 2536 alia-rum
912 2495 1203 2547 scientiarum,
1245 2511 1342 2552 quae
1372 2511 1461 2539 non
1490 2512 1586 2553 pos·

189 2566 294 2604 sunt
323 2562 386 2604 ibi
426 2562 611 2619 probari,
645 2576 724 2604 nec
754 2562 901 2618 aliquo
942 2563 1072 2605 modo
1112 2564 1389 2621 investigari3
1427 2569 1479 2607 ut
1521 2570 1586 2607 est

236 2813 440 2858 ¹nalurales]
466 2815 615 2857 viles(?)
639 2815 681 2847 T.
963 2815 975 2833 ³
990 2825 1089 2851 unum
1115 2814 1251 2858 scilicet]
1279 2825 1342 2849 om.
1367 2815 1406 2850 T.

236 2867 248 2885 Β
267 2866 385 2909 Operis
400 2866 562 2910 Majoris]
589 2877 619 2910 p.
637 2871 712 2901 445.
960 2868 972 2886 ⁴
988 2867 1050 2910 est]
1077 2877 1140 2900 om.
1164 2867 1204 2900 T.
1256 2895 1265 2912 ,ἶ
