1964 3259
372 253 458 293 450
881 265 1054 296 ROGERI
1086 264 1283 297 BACONIS
1669 257 1784 313 [cAP.

435 379 560 421 Brito
592 379 768 435 quidem
800 380 1132 438 indignissimus
1163 383 1438 433 auctoritate,
1474 383 1638 439 pluries
1669 384 1786 426 redit

371 447 419 489 in
448 448 611 490 vitium
643 449 696 491 de
738 464 824 506 quo
861 451 1142 507 reprehendit]
1174 451 1482 508 Hugutionem
1514 455 1558 493 et
1591 451 1783 508 Papiam.

372 516 489 558 Nam
521 532 619 559 cum
652 518 758 559 dicit
795 519 912 574 quod
945 519 1155 562 Gehenna
1197 520 1358 562 dicitur
1399 536 1425 562 a
1466 534 1527 575 96,
1563 521 1679 575 quod
1720 524 1787 562 est

371 587 496 637 terra,
532 589 577 627 et
617 600 769 638 aomos,
803 587 919 642 quod
961 592 1026 630 est
1062 588 1339 645 profundum,
1385 588 1628 630 Hebraeum
1660 603 1785 631 voca-

370 653 523 695 bulum
566 655 691 696 docet
728 655 832 696 oriri
877 670 932 697 ex
980 656 1158 709 Graeco;
1203 657 1305 713 quia
1348 671 1398 713 90
1438 672 1516 713 pro
1560 660 1678 699 terra
1719 660 1786 699 est

373 721 587 776 Graecum,
621 726 665 765 et
699 723 905 779 901101171οι
937 728 1003 767 est
1040 725 1294 768 Hebraeum.
1360 726 1459 767 Hoc
1508 726 1626 768 enim
1657 740 1784 767 voca-

368 790 523 832 bulum
566 792 707 848 primo
759 792 964 835 Salvator
1016 794 1213 836 instituit
1264 809 1341 851 pro
1391 809 1523 851 poena
1568 794 1783 844 infernali,

369 860 481 901 sicut
527 859 748 902 Isidorus¹
796 861 904 903 dicit
951 877 1079 918 super
1124 863 1402 905 Matthaeum.
1481 863 1569 905 Sed
1613 865 1785 904 constat

369 927 644 970 Salvatorem
674 930 904 984 loquutum
935 930 1067 972 fuisse
1101 930 1331 974 Hebraice.
1409 931 1470 973 Et
1501 931 1783 973 manifestum

366 999 432 1037 est
467 997 547 1038 hoc
579 1012 633 1039 ex
675 998 865 1040 nominis
907 999 1189 1051 derivatione,
1224 1003 1439 1055 quantum
1483 999 1783 1055 Hieronymus

369 1065 573 1116 ostendit,
624 1066 770 1107 dicens
823 1068 939 1122 quod
984 1067 1194 1110 Gehenna
1244 1068 1407 1110 dicitur
1458 1083 1484 1109 a
1527 1067 1779 1117 Gehennon,

367 1134 484 1188 quod
527 1136 593 1176 est
624 1134 751 1176 Vallis
793 1135 985 1177 filiorum
1018 1136 1178 1178 Ennon
1222 1136 1359 1192 juxta
1400 1137 1690 1187 Hierusalem,
1734 1136 1782 1176 in

367 1217 453 1257 qua
504 1203 619 1244 valle
671 1203 821 1246 Judaei
873 1204 992 1246 idola
1045 1204 1282 1246 coluerunt.
1348 1205 1409 1247 Et
1461 1204 1666 1261 Hugutio
1711 1204 1782 1246 1110

366 1275 484 1313 errat
515 1286 612 1313 cum
646 1271 839 1323 Britone‚
873 1287 971 1314 cum
1004 1273 1318 1329 interpretatus
1350 1277 1415 1315 est
1443 1288 1495 1329 96
1526 1276 1702 1324 terram,
1730 1275 1782 1314 ut

367 1340 583 1382 derivatio
618 1341 676 1382 sit
707 1356 733 1382 a
766 1341 927 1383 Graeco.
991 1340 1079 1384 Sed
1110 1356 1201 1383 non
1232 1342 1373 1383 solum
1405 1342 1451 1382 in
1484 1342 1612 1383 modo
1643 1341 1780 1382 inter-

366 1409 570 1464 pretandi
615 1409 856 1451 Hebraeum
900 1424 976 1466 per
1010 1409 1206 1452 Graecam
1241 1411 1559 1452 derivationem
1602 1411 1781 1461 errant;

365 1478 441 1518 sed
487 1478 533 1519 in
585 1481 681 1520 tota
732 1478 1113 1534 interpretatione.
1179 1479 1297 1520 Nam
1351 1479 1421 1520 hic
1470 1493 1522 1534 96
1572 1492 1663 1520 non
1715 1480 1781 1519 est

369 1545 571 1587 Graecum
603 1547 678 1588 sed
711 1546 968 1589 Hebraeum.
1034 1547 1092 1590 G'e
1129 1547 1246 1588 enim
1291 1547 1504 1599 Graecum,
1537 1549 1657 1588 terra
1689 1549 1781 1597 est3

365 1629 416 1668 90
459 1614 712 1665 Hebraeum,
755 1615 883 1656 vallis
919 1618 993 1656 est.
1059 1615 1192 1657 Unde
1242 1615 1486 1656 Gehennon
1539 1618 1605 1655 est
1655 1614 1782 1655 vallis

370 1681 624 1735 Gehennon,
679 1683 771 1724 sive
823 1683 1016 1724 filiorum
1049 1683 1254 1724 Hennon.
1318 1683 1378 1724 Et
1430 1683 1526 1724 ideo
1572 1682 1782 1724 Gehenna

367 1765 393 1791 a
442 1765 505 1806 96,
545 1752 661 1806 quod
715 1755 781 1793 est
832 1751 970 1801 vallis,
1005 1751 1239 1792 derivatur.
1305 1750 1417 1792 Cum
1470 1750 1602 1792 etiam
1655 1749 1779 1791 Brito

367 1819 475 1861 dicit
499 1862 502 1865 ,
527 1835 625 1861 011111
679 1819 914 1861 Graecismo
967 1833 1106 1861 eqmos
1137 1818 1403 1875 profundum
1436 1833 1538 1870 esse,
1571 1818 1619 1858 in
1650 1817 1780 1872 hujus

366 1888 557 1929 nominis
588 1888 952 1944 interpretatione
984 1887 1096 1928 nihil
1134 1888 1251 1938 dicit,
1297 1887 1503 1943 quoniam
1545 1887 1663 1928 cadit
1704 1887 1779 1927 ibi.

369 1956 485 2007 Quia
517 1956 727 1999 Gehenna
769 1956 930 1998 dicitur
962 1971 988 1996 3
1021 1955 1264 1997 Gehennon
1316 1970 1393 2011 per
1444 1955 1778 1996 similitudinem

366 2025 485 2066 vocis
518 2028 562 2066 et
595 2025 815 2075 orationis,
849 2024 1087 2066 secundum
1135 2025 1250 2079 quod
1295 2025 1419 2066 docet
1466 2023 1777 2079 Hieronymus.

369 2093 587 2144 Quoniam
621 2093 741 2135 Deus
774 2093 976 2149 promisit
998 2093 1331 2134 multitudinem
1354 2092 1612 2134 Judaeorum
1642 2092 1779 2134 idola-

367 2165 535 2204 trorum
584 2163 631 2203 in
674 2162 751 2203 illa
794 2161 910 2203 valle
963 2161 1154 2202 filiorum
1203 2161 1398 2203 Hennon
1451 2161 1597 2211 occidi,
1629 2164 1674 2202 et
1717 2161 1778 2202 sic

361 2234 605 2285 peccatores
637 2230 823 2272 interfici
855 2231 901 2271 in
934 2229 1154 2272 Gehenna.
1229 2221 1230 2224 Ἴ

424 2298 636 2340 Similiter
698 2299 814 2354 quod
874 2298 967 2354 ipse
1021 2298 1158 2348 Brito,
1218 2302 1263 2340 et
1325 2298 1538 2354 Hugutio,
1594 2301 1638 2339 et
1698 2296 1774 2338 alii

362 2367 716 2422 grammaticellae
747 2366 897 2408 idiotae
941 2367 1103 2416 dicunt,
1149 2366 1266 2421 quod
1297 2366 1498 2408 arrabon
1541 2369 1617 2416 est,
1651 2365 1773 2420 quasi

362 2448 476 2475 arr-ou
529 2434 654 2486 bom,
708 2438 759 2475 ut
820 2448 888 2475 res
951 2448 1048 2488 quae
1102 2435 1233 2475 datur
1294 2449 1371 2490 pro
1434 2433 1648 2488 conjugio,
1702 2432 1773 2473 vel

359 2517 406 2543 re
443 2502 569 2552 bona,
618 2517 706 2543 non
753 2516 831 2557 pro
876 2502 1002 2552 mala,
1042 2501 1263 2543 horribilis
1304 2501 1470 2542 falsitas
1514 2505 1588 2542 est.
1651 2499 1768 2541 Nam

361 2570 562 2614 arrabon
593 2575 658 2612 est
691 2569 943 2620 Hebraeum,
977 2570 1090 2611 sicut
1141 2570 1329 2611 habetur
1361 2569 1542 2611 Genesis
1583 2569 1770 2610 xxxviii.

365 2639 486 2696 [17.].
569 2638 656 2682 Sed
708 2638 950 2681 Hebraeum
1001 2653 1090 2680 non
1142 2638 1368 2680 derivatur
1414 2653 1440 2680 a
1472 2638 1642 2690 Latino,
1690 2652 1769 2680 nec

793 2873 800 2891 ¹
818 2871 982 2916 Isidorus]
1009 2872 1051 2905 In
1067 2872 1179 2915 Etym.
1196 2872 1265 2905 xiv.
1283 2877 1313 2906 9.
