1964 3259
748 257 862 287 opus
893 257 1046 288 MINUS.
1509 247 1592 287 351

197 372 386 414 cundum
408 376 452 414 et
475 372 653 415 lamech.
718 373 777 414 Et
804 373 850 413 in
878 373 944 413 his
974 373 1033 414 sic
1064 372 1378 428 congeminatis
1408 376 1596 414 utuntur

196 455 284 482 una
326 455 402 496 pro
444 441 531 482 alia
571 440 771 491 maxime,
805 454 938 494 quum
979 440 1136 482 volunt
1169 440 1346 495 aliquod
1381 444 1593 482 secretum

197 508 421 550 occultare.
486 509 545 550 Et
576 509 671 549 ideo
703 522 800 549 cum
833 507 911 549 Sin
943 511 986 550 et
1024 507 1116 550 beth
1153 508 1241 549 sint
1279 509 1594 564 congeminata,

198 576 323 632 ponit
359 577 445 618 duo
478 576 556 618 sin
592 590 669 631 pro
706 576 875 617 duobus
911 575 1014 627 beth,
1048 579 1093 617 et
1127 576 1278 617 eadem
1311 577 1482 618 ratione
1518 592 1594 632 pro

200 644 367 687 chnech
397 645 542 700 posuit
574 643 687 699 caph
718 645 979 695 secundumg
1012 648 1056 685 et
1089 659 1109 685 s
1145 648 1346 686 nostrum
1378 645 1498 686 valet
1530 659 1597 686 eo-

198 728 295 754 rum
326 712 403 754 sin
433 713 481 753 in
511 713 760 768 proposit03
792 715 838 754 et
869 728 890 754 0
920 716 1116 754 nostrum
1137 714 1258 755 valet
1284 712 1395 768 caph
1424 728 1600 764 eorum;

197 781 284 821 nisi
321 781 437 836 quod
473 781 602 822 debet
635 781 825 836 asperari
859 795 879 821 c
914 784 1124 832 nostrum,
1160 781 1270 823 sicut
1304 781 1474 823 Sesccch.
1540 781 1599 822 Et

201 850 260 890 sic
297 849 350 890 (16
387 849 483 890 aliis
525 849 733 905 exemplis
769 849 956 890 infinitis
996 849 1074 891 ubi
1110 849 1289 905 ponitur
1329 850 1472 905 ipsum
1509 849 1600 891 He-

199 917 378 968 braeum,
417 921 509 958 tam
540 918 587 958 in
617 918 803 974 prologis
835 921 879 959 et
910 918 956 959 in
987 921 1117 960 textu
1154 933 1287 974 quam
1318 918 1363 959 in
1397 917 1599 974 originali

198 988 243 1026 et
273 985 434 1040 glossis.

260 1053 345 1095 Sed
376 1053 503 1108 longe
534 1053 672 1109 magis
704 1054 756 1096 de
790 1053 939 1096 Graeco
973 1053 1130 1095 accidit
1157 1054 1249 1096 haec
1277 1054 1470 1109 quaesffio,
1501 1054 1600 1109 quia
1617 1071 1801 1113 Ignoranee

199 1121 296 1177 plus
327 1124 394 1162 est
425 1122 477 1162 de
509 1121 656 1163 Graeco
689 1122 736 1163 in
767 1123 966 1178 prologis,
994 1123 1040 1162 in
1069 1126 1197 1164 textu
1230 1126 1274 1164 et
1303 1123 1599 1178 originalibus,
1617 1116 1656 1147 of
1668 1116 1790 1149 Greek.

200 1193 245 1231 et
266 1189 313 1229 in
333 1189 506 1245 glossis3
536 1190 638 1245 quia
660 1191 805 1245 plures
834 1191 972 1232 sancti
998 1191 1220 1233 sciverunt
1247 1191 1344 1247 plus
1374 1192 1427 1232 de
1451 1191 1599 1233 Graeco

200 1272 331 1312 quam
364 1258 416 1298 (16
439 1257 628 1299 Hebraeo
649 1274 658 1309 3
690 1261 823 1314 atque
851 1258 1049 1300 Graecum
1075 1274 1244 1315 semper
1274 1259 1359 1301 fuit
1387 1260 1527 1316 magis
1555 1260 1603 1299 in

200 1340 283 1366 usu
325 1325 581 1367 Latinorum
628 1341 758 1381 quam
801 1327 1049 1377 Hebraeum,
1094 1331 1272 1383 propter
1323 1328 1414 1383 ejus
1465 1327 1601 1369 facili-

202 1396 340 1434 tatem
392 1397 524 1448 atque
577 1394 925 1436 convenientiam
968 1396 1232 1447 nationum;
1279 1396 1394 1437 unde
1443 1410 1603 1451 magna

201 1476 300 1517 pars
339 1461 482 1503 Italiae
517 1461 743 1504 dicebatur
783 1463 1029 1517 antiquitus
1072 1463 1233 1519 Magna
1274 1463 1450 1505 Graecia.
1513 1464 1604 1504 Au-

201 1530 403 1585 gustinus
443 1544 547 1571 vero
590 1531 707 1581 dicit,
743 1531 929 1572 secundo
973 1531 1039 1572 De
1077 1531 1288 1572 Doctrina
1322 1531 1600 1580 Christiana,¹

204 1597 374 1639 Latinae
418 1597 579 1653 linguae
630 1598 829 1639 homines
882 1598 1051 1639 duabus
1103 1599 1200 1639 aliis
1251 1599 1306 1639 ad
1354 1600 1603 1641 divinarum

203 1665 526 1721 Scripturarum
580 1666 873 1721 cognitionem
925 1681 1032 1722 opus
1074 1667 1248 1708 habent.
1318 1667 1378 1708 Et
1418 1668 1602 1723 ipsemet

201 1734 326 1789 ponit
368 1733 568 1789 exempla
607 1735 654 1774 in
699 1734 846 1776 Graeco
889 1734 951 1775 ibi
993 1739 1037 1776 et
1078 1735 1185 1776 alibi
1228 1736 1409 1791 copiose.
1480 1737 1602 1777 Dicit

200 1802 338 1858 igitur
369 1803 484 1857 quod
515 1802 623 1842 illud
655 1802 709 1843 ad
732 1802 1129 1844 Thessalonicenses
1163 1804 1208 1858 [i.
1233 1806 1270 1853 3,
1302 1804 1359 1859 7.]
1384 1820 1392 1844 :
1429 1804 1600 1860 “Prop-

203 1874 226 1891 “
258 1873 377 1911 terea
424 1870 631 1911 consolati
682 1885 831 1911 sumus
882 1870 1037 1912 fratres
1078 1871 1126 1911 in
1166 1871 1329 1913 vobis.''
1404 1872 1602 1913 Dubium

203 1941 268 1979 est
298 1941 449 1978 utrum
491 1938 548 1978 sit
583 1937 617 1979 O
645 1937 827 1992 fratres,
865 1939 936 1979 vel
971 1953 1044 1979 vos
1070 1938 1251 1994 fratres.
1329 1939 1416 1981 Sed
1451 1940 1602 1996 lingua

204 2005 355 2047 Graeca
379 2005 457 2046 hos
485 2019 605 2046 casus
632 2020 755 2060 pares
783 2020 872 2046 non
900 2005 1042 2047 habet.
1107 2007 1166 2048 Et
1187 2007 1283 2049 ideo
1312 2007 1388 2048 illa
1408 2007 1604 2064 inspecta

203 2073 462 2114 enunciatur
497 2087 617 2114 casus
653 2073 881 2115 vocativus
920 2074 953 2115 O
981 2074 1166 2129 fratres.
1242 2075 1390 2116 “Non
1424 2083 1487 2117 est
1529 2076 1604 2116 ab-

205 2147 226 2162 “
259 2141 506 2182 sconditum
549 2156 575 2182 a
620 2155 688 2182 me
731 2156 776 2182 os
822 2145 947 2183 tuum
982 2143 1096 2197 quod
1132 2142 1312 2193 fecisti,’'
1342 2158 1432 2184 non
1465 2144 1603 2185 elucet

203 2209 367 2264 legenti
407 2212 557 2250 utrum
599 2213 795 2265 correpta
835 2225 880 2251 08
922 2210 1054 2251 dictio
1091 2212 1367 2266 producatur,
1405 2227 1463 2253 an
1505 2227 1604 2268 pro-

205 2278 441 2319 nunciatur
481 2292 527 2319 08
562 2278 782 2333 producta.
862 2278 949 2319 Sed
982 2279 1090 2320 talia
1122 2279 1283 2335 linguae
1324 2281 1606 2336 praecedentis

204 2345 474 2401 inspectione
518 2345 822 2400 dijudicantur.
887 2346 1004 2388 Nam
1046 2347 1092 2388 in
1135 2348 1286 2389 Graeco
1330 2363 1418 2390 non
1462 2347 1606 2401 στόμα,

206 2414 280 2456 sed
314 2413 445 2455 ὀστέον
475 2414 665 2470 positum
698 2418 773 2463 est,
812 2415 927 2470 quod
964 2419 1029 2456 est
1064 2430 1120 2465 os,
1155 2416 1296 2468 0832'83
1331 2420 1376 2458 et
1407 2417 1608 2458 similiter

205 2485 271 2523 est
311 2482 374 2523 ibi
406 2481 644 2523 Hebraeum
675 2497 752 2538 pro
784 2496 883 2533 osse,
917 2497 1005 2524 non
1046 2498 1124 2539 pro
1166 2498 1244 2525 ore.
1309 2485 1368 2525 Et
1406 2485 1607 2526 similiter

207 2566 305 2594 cum
341 2552 450 2594 dicit
479 2553 742 2608 Apostolus:
783 2557 805 2575 ⁶<
829 2553 973 2609 Ipsius
1019 2554 1188 2596 factura
1233 2555 1420 2605 sumus‚''
1452 2555 1604 2611 Ephes

207 2619 249 2660 ii.
275 2620 386 2676 [10].
449 2621 724 2676 Augustinus
755 2621 888 2663 habet
897 2622 1133 2678 figymenta,
1158 2626 1203 2664 et
1226 2623 1400 2665 Graecus
1416 2628 1603 2678 poema,-

546 2835 554 2853 ¹
572 2834 627 2866 De
643 2835 807 2867 Doctrina
827 2835 1032 2876 Christiana]
1059 2834 1093 2867 ii
1111 2835 1129 2877 ξ
1147 2839 1199 2875 22,
1217 2840 1269 2868 23.
