1964 3259
198 246 340 300 Μαι]
723 255 838 286 orus
870 256 1080 286 mmmm.
1516 244 1599 285 235>

196 371 275 413 hac
325 377 459 428 parte.
539 372 682 427 Debet
733 374 881 413 autem
932 387 1047 413 nunc
1100 371 1306 426 temporis
1357 371 1599 411 remedium

194 441 354 495 apponi
386 444 563 497 propter
594 441 709 496 ipsos
746 454 912 482 errores
956 439 1211 481 manifestos
1257 441 1303 480 et
1347 438 1586 494 palpabiles

195 512 327 563 atque
359 514 536 565 propter
566 508 818 550 scandalum
861 508 1096 564 multiplex
1137 507 1186 548 in
1217 507 1402 549 ecclesia.
1481 506 1597 547 Nam

195 592 344 620 omnes
394 578 559 620 literati
609 577 658 618 in
718 575 958 633 comput0¹
1014 581 1059 618 et
1110 574 1404 618 astronomia2
1455 575 1598 617 sciunt

194 646 297 698 haec,
329 650 374 688 et
404 646 604 689 derident
634 645 930 702 ignorantiam
961 645 1254 702 praelatorum,
1278 645 1353 700 qui
1384 643 1475 687 haec
1507 659 1598 686 sus-

194 714 350 757 tinent.

252 783 400 838 Atque
432 782 678 839 philosophi
708 782 917 834 infideles,
941 782 1121 833 Arabes,
1146 781 1338 833 Hebrzei,
1373 786 1418 824 et
1440 782 1592 833 Graeci,
1614 786 1715 819 Strict
1738 788 1794 818 ad*

194 852 268 906 qui
298 852 503 893 habitant
533 851 651 892 inter
683 851 966 901 Christianos,
1017 854 1069 893 ut
1114 851 1162 892 in
1195 850 1425 907 Hispania,
1473 854 1517 892 et
1548 851 1594 892 in
1613 831 1804 917 pteffissggsto

193 920 398 976 AEgypto,
422 923 467 961 et
497 920 543 960 in
574 920 773 975 partibus
797 920 1001 971 Orientis,
1025 924 1070 961 et
1100 919 1251 961 multis
1283 920 1380 961 aliis
1410 919 1594 961 mundi3
1613 920 1802 970 christiam

191 987 452 1043 regionibus,
485 988 722 1030 abhorrent
768 988 1017 1039 stultitiam,
1067 1003 1197 1044 quain
1244 988 1515 1044 conspiciunt
1547 988 1593 1029 in
1611 970 1808 1051 {ssffl'pssoxssi'th

191 1056 465 1098 ordinatione
497 1060 754 1112 temporum,
778 1057 938 1112 quibus
958 1060 1146 1098 utuntur
1169 1057 1410 1099 Christiani
1431 1057 1478 1098 in
1505 1056 1594 1098 suis
1611 1055 1802 1130 ῒῙὶῗΙῦξὛῑῖῙῖ

191 1125 554 1167 solemnitatibus.
640 1125 698 1166 Et
744 1124 840 1180 jam
888 1125 1151 1167 Christiani·
1178 1125 1342 1166 habent
1391 1125 1594 1180 peritiam
1612 1109 1763 1184 ἓῖζῃέεζῗ
1788 1109 1817 1130 ¹⁰

191 1194 480 1246 astrononiize,
513 1209 591 1249 per
623 1208 754 1248 quam
785 1197 932 1249 potest
974 1193 1069 1235 fieri
1112 1194 1378 1235 certificatio.
1443 1193 1595 1235 Potest
1613 1187 1721 1229 phers.

190 1261 327 1318 igitur
357 1265 506 1304 Vestra
537 1263 784 1304 reverentia
824 1262 989 1316 jubere,
1031 1265 1076 1303 et
1118 1262 1351 1303 invenietis
1398 1262 1594 1304 homines

191 1331 266 1386 qui
297 1331 505 1386 praeclara
535 1331 728 1372 remedia
759 1333 981 1386 apponent
1011 1330 1059 1371 in
1091 1330 1171 1372 hac
1201 1333 1325 1385 parte
1346 1328 1384 1382 34
1416 1334 1460 1372 et
1501 1345 1591 1372 non

190 1399 329 1441 solum
360 1400 408 1440 in
439 1399 673 1455 praedictis,
707 1399 784 1441 sed
815 1399 862 1439 in
883 1399 1022 1440 totius
1054 1399 1304 1440 kalendarii
1335 1399 1591 1442 defectibus.

189 1467 305 1509 Nam
337 1468 543 1509 tredecim
575 1471 680 1509 sunt
710 1468 932 1519 radicales,
950 1470 996 1508 et
1028 1466 1193 1509 habent
1214 1482 1358 1509 ramos
1381 1467 1503 1522 quasi
1525 1468 1593 1508 in-

188 1537 347 1578 finitos.
391 1536 441 1578 Si
472 1536 607 1592 igitur
636 1536 757 1578 istud
786 1536 1023 1592 gloriosum
1054 1550 1161 1591 opus
1182 1536 1307 1577 fieret
1328 1536 1596 1591 temporibus

188 1608 346 1646 vestrae
378 1604 640 1654 sanctitatis,
688 1607 796 1645 tunc
839 1618 929 1645 una
972 1604 1027 1645 de
1069 1603 1308 1659 iiiaJOribiis
1345 1604 1484 1654 rebus,
1519 1601 1594 1645 et5

188 1673 449 1723 melioribus
484 1675 528 1714 et
574 1672 908 1728 pulchrioribus,
943 1679 1328 1725 consummaretur,
1374 1687 1471 1728 quae
1512 1688 1594 1714 un-

187 1737 331 1797 quam¹
350 1741 397 1782 in
429 1741 606 1783 ecclesia
638 1741 723 1783 Dei
754 1741 936 1783 fuerunt
967 1744 1257 1797 attemptatae.

727 1942 832 1984 CAP.
866 1940 1056 1984 LXXII.

249 2075 464 2117 TERTIUM
495 2074 613 2130 quod
657 2076 853 2132 exigitur
897 2078 954 2118 ad
998 2092 1125 2119 usum
1163 2078 1350 2119 ecclesiae
1392 2078 1591 2120 consistit
1611 2082 1779 2126 Chanting

188 2144 235 2184 in
267 2144 394 2185 inodo
426 2144 611 2200 legendi,
645 2148 690 2186 et
721 2145 948 2200 psallendi,
982 2149 1027 2187 et
1069 2146 1356 2201 componendi
1398 2160 1450 2188 ea
1494 2161 1590 2201 quae
1608 2129 1772 2214 {Zflissfal‘

187 2212 427 2253 necessaria
457 2216 561 2253 sunt
592 2212 730 2255 officio
763 2213 928 2255 divino.
1008 2213 1068 2255 Et
1104 2213 1175 2255 hic
1218 2214 1424 2269 quicquid
1465 2229 1591 2270 supe—

188 2277 309 2321 rius6
341 2280 506 2322 dictum
551 2285 616 2323 est
647 2296 725 2337 pro
770 2282 915 2323 studio
947 2281 1191 2338 theologiae,
1235 2282 1288 2324 de
1329 2282 1588 2334 accentibus,

187 2351 232 2390 et
286 2348 636 2405 longitudinibus
688 2352 733 2392 et
774 2350 1068 2392 brevitatibus
1119 2350 1167 2392 in
1218 2351 1482 2407 penultimis,
1537 2351 1590 2393 de

186 2417 337 2458 metris
388 2420 432 2459 et
472 2417 703 2474 rhythmis,
735 2417 831 2474 plus
881 2418 1017 2460 habet
1067 2418 1138 2459 hic
1178 2418 1319 2461 locum
1371 2434 1502 2474 quam
1542 2420 1590 2460 in

187 2485 343 2528 studio.
406 2486 466 2528 Et
488 2501 586 2528 cum
607 2487 779 2529 ostendi
800 2486 969 2543 copiose
999 2487 1303 2530 necessitatem
1334 2487 1491 2530 horum
1512 2488 1587 2540 ibi,

234 2694 414 2737 ¹00mpuio]
442 2702 606 2738 compoto,
624 2697 663 2729 Τ.
681 2707 818 2738 semper.
966 2699 975 2714 ⁴
991 2703 1150 2739 apponent
1177 2699 1209 2729 in
1236 2697 1297 2730 hac
1320 2698 1433 2740 parat]
1465 2698 1499 2729 in
1523 2698 1585 2730 hac

921 2756 1011 2790 parte
1035 2756 1209 2791 apponent,
1227 2751 1265 2782 T.

966 2804 977 2819 ³
992 2803 1038 2844 et]
1065 2813 1130 2834 om.
1146 2804 1186 2834 T.

234 2852 245 2870 ³
260 2851 383 2893 mundi]
410 2862 473 2884 om.
492 2853 530 2884 T.
967 2855 979 2872 ⁶
993 2856 1156 2897 superius]
1182 2866 1245 2888 om.
1264 2857 1302 2890 T.

233 2773 245 2791 ²
260 2774 467 2816 ascronomz'a]
494 2775 684 2815 astronomi,
702 2776 740 2808 B.
