1964 3259
202 271 390 326 xxvm]
723 280 836 313 opus
867 280 1076 312 TERTIUM.
1494 263 1590 313 ’105

201 402 362 444 tionem
387 402 596 444 malarum
619 401 1029 457 consequentiarum.
1082 401 1360 456 Quapropter
1382 401 1433 442 de
1455 401 1596 456 logica
1617 405 1704 466 01in
1723 405 1777 436 the

203 474 246 511 et
283 470 567 526 grammatica
602 484 689 510 non
732 472 797 510 est
838 468 1076 510 necessaria
1116 467 1346 509 instructio
1392 470 1595 520 humana,
1617 450 1813 533 {Ogfflvalledge

202 537 286 578 nisi
328 542 502 593 propter
542 537 752 580 vocabula
811 537 1070 592 linguarum,
1135 536 1291 590 quibus
1347 537 1512 577 utimur
1554 537 1600 577 in
1618 538 1655 567 0f
1669 548 1778 578 gram-

205 605 434 646 oollatione
470 604 666 646 facienda
702 619 798 645 cum
834 604 942 655 aliis,
976 607 1151 659 propter
1187 603 1486 646 necessitatem
1521 604 1600 645 sci-
1618 583 1775 666 {aggicalned-

205 673 333 714 entiae
367 673 602 714 secundum
628 686 682 714 se.
726 672 785 713 Et
807 671 904 713 ideo
926 675 1049 727 patet
1071 671 1186 726 quod
1215 671 1354 728 logica
1385 676 1428 714 et
1458 688 1600 728 gram-
1621 670 1746 711 quired.

206 741 363 782 matica
403 744 505 781 sunt
547 739 834 781 accidentales
876 739 1080 790 scientiae,
1119 742 1164 780 et
1205 754 1291 781 non
1328 740 1596 796 principales,

206 813 416 864 quantum
447 808 503 849 ad
539 807 856 850 111νο111101101111
896 811 940 849 01
962 807 1230 858 doctrinam,
1265 808 1339 849 sed
1360 809 1533 865 linguae,
1558 809 1604 849 111

206 877 360 931 quibus
382 876 473 918 hzec
495 876 776 931 explicantur,
800 879 1054 931 quaeruntur
1088 890 1163 931 per
1193 876 1519 918 inventionem¹
1562 882 1606 918 et

206 944 458 996 doctrinam,
488 948 539 985 ut
571 947 729 999 praesto
763 944 872 984 fiant
904 946 1069 986 mutuae
1104 943 1339 986 voluntatis
1372 945 1544 986 indicia.

752 1115 857 1159 CAP.
902 1115 1071 1159 XXIX.

269 1250 334 1291 ET
367 1250 464 1292 ideo
499 1254 596 1306 post
627 1251 876 1307 linguarum
899 1252 1201 1294 necessitatem
1253 1253 1399 1308 pono²
1441 1253 1700 1307 nmthe-The
1718 1266 1830 1290 neees-

208 1318 412 1360 maticam
447 1334 536 1360 esse
573 1320 618 1360 in
659 1320 845 1361 secundo
882 1320 973 1361 loco
1008 1320 1299 1372 necessarimm,
1350 1322 1405 1362 ad
1447 1321 1526 1363 hoc
1559 1324 1610 1362 ut
1626 1302 1828 1385 {sstgn‘gftissff'

209 1386 392 1427 sciamus
430 1401 527 1441 quae
570 1387 743 1428 scienda
780 1390 911 1438 sunt;
945 1402 1041 1442 quae
1092 1402 1180 1429 non
1222 1393 1287 1430 est
1337 1392 1443 1430 nota
1484 1390 1609 1431 nobis
1627 1400 1662 1420 ²18
1679 1391 1735 1422 the
1751 1391 1823 1422 first

210 1468 287 1508 per
327 1457 562 1505 naturam,
615 1455 690 1496 secl
732 1458 883 1496 tamen
925 1460 991 1497 est
1032 1471 1165 1511 prope
1201 1457 1493 1512 cognitionem
1535 1472 1610 1498 na—
1628 1434 1825 1516 ἓξέὲὲξὲζᾱ

211 1521 399 1562 turalem
435 1522 552 1563 inter
584 1536 733 1563 omnes
768 1523 971 1564 scientias
1008 1538 1116 1578 quas
1153 1524 1308 1565 scimus
1348 1539 1422 1579 per
1456 1525 1606 1566 inven-
1628 1523 1683 1574 tho:
1705 1529 1835 1555 nearest

211 1588 376 1630 tionem
429 1593 473 1630 et
525 1589 782 1631 doctrinam.
846 1590 962 1631 Nam
1015 1591 1106 1646 ejus
1158 1592 1395 1647 specula-tio
1446 1592 1612 1634 facilior
1629 1572 1662 1599 to
1675 1574 1799 1600 nmate.

215 1659 281 1697 est
321 1656 524 1698 omnibus
563 1657 765 1707 scientiis,
818 1672 865 1699 eo
904 1659 1020 1713 quod
1063 1660 1187 1715 pueri
1234 1660 1385 1701 statim
1433 1662 1610 1716 capiunt

211 1723 287 1765 has
321 1725 532 1775 scientias,
583 1725 693 1767 sicut
737 1725 936 1768 videmus
953 1742 963 1778 ;
1008 1730 1052 1768 et
1089 1728 1346 1769 Aristoteles
1386 1728 1465 1771 hoc
1503 1730 1610 1771 dicit

212 1793 394 1848 septimo
436 1793 758 1845 Ε1111001’0111;3
809 1809 898 1836 non
940 1796 999 1836 sic
1030 1796 1251 1837 naturales
1297 1796 1514 1848 scientias,
1562 1801 1606 1839 et

212 1860 540 1915 metaphysicas,
565 1864 609 1902 et
631 1862 746 1903 alias.
811 1862 870 1903 Et
892 1866 1100 1918 praeterea
1128 1863 1226 1905 la'1'ci
1248 1864 1390 1906 sciunt
1419 1865 1471 1906 de
1492 1865 1610 1906 facili

213 1927 411 1982 figurare,
445 1931 489 1968 et
530 1943 769 1977 numerare,
814 1933 859 1970 et
901 1934 1086 1980 cantare,
1124 1935 1168 1972 et
1204 1932 1272 1973 uti
1304 1932 1611 1974 instrumentis

215 1994 504 2046 musicalibus,
547 1998 591 2036 et
634 1996 841 2045 exultare,
895 2001 940 2038 et
990 2002 1138 2053 gestus
1188 1999 1325 2041 facere
1376 2001 1613 2042 conformes

215 2062 364 2102 cantui
403 2065 448 2103 et
490 2077 593 2104 sono
635 2063 1053 2107 instrumentorum:
1118 2070 1162 2108 et
1205 2067 1297 2109 haec
1331 2069 1476 2110 01111110
1510 2073 1613 2110 sunt

217 2143 344 2184 opera
396 2130 727 2173 mathematicae.
822 2132 1096 2189 Quapropter
1148 2139 1321 2190 oportet
1385 2136 1501 2191 quod
1555 2137 1613 2178 sit

217 2196 354 2238 facilis
387 2198 580 2248 scientia,
619 2201 664 2240 et
700 2199 823 2255 quasi
856 2201 1020 2253 innata,
1055 2202 1126 2243 Vel
1158 2217 1289 2259 prope
1323 2204 1614 2260 cognitionem

216 2264 425 2306 innatam.
508 2265 656 2321 Atque
686 2271 861 2323 propter
892 2269 972 2310 hoc
1003 2270 1200 2325 sequitur
1231 2272 1346 2326 quod
1379 2276 1445 2314 est
1476 2273 1616 2328 prima
1635 2281 1788 2315 Without
1804 2283 1829 2315 it

216 2333 509 2386 scientiarum,
543 2334 636 2376 sine
668 2335 828 2391 quibus
860 2336 957 2378 aliae
989 2338 1087 2379 sciri
1117 2353 1206 2380 non
1238 2344 1433 2395 possunt.
1503 2341 1618 2393 Quia
1634 2327 1802 2403 {xgnoggers

216 2400 292 2441 illa
333 2405 398 2443 est
439 2403 701 2444 naturaliter
741 2405 892 2459 prima,
937 2420 1034 2460 quae
1071 2408 1312 2449 communis
1349 2412 1414 2450 est
1456 2410 1617 2451 clericis
1635 2415 1766 2449 known.

217 2472 262 2510 et
293 2469 423 2518 laicis,
460 2473 505 2511 et
537 2485 634 2525 quae
668 2472 873 2513 convenit
906 2474 1043 2514 statui
1079 2475 1244 2529 puerili.
1309 2476 1368 2518 Et
1398 2477 1493 2518 ideo
1526 2478 1616 2520 haec

217 2537 397 2579 scientia
427 2536 513 2579 fuit
544 2538 684 2593 primo
706 2539 812 2581 data
843 2541 1006 2582 mundo
1037 2556 1063 2582 a
1094 2542 1304 2599 principio
1337 2544 1435 2599 ejus.
1498 2546 1616 2587 Nam

218 2604 363 2646 Adam
402 2608 446 2646 et
479 2606 560 2646 filii
598 2607 665 2648 sui
697 2623 722 2649 a
754 2607 848 2650 Deo
879 2613 1135 2665 receperunt
1166 2625 1260 2651 eam
1278 2628 1287 2663 3
1342 2616 1386 2653 01
1416 2627 1493 2667 per
1524 2613 1616 2654 lon-

1499 2739 1611 2746 ⁴-—

266 2796 273 2814 ¹
293 2797 511 2842 inventionem]
572 2801 796 2843 intentionem,
836 2806 874 2838 T.
981 2809 992 2825 ’-“
1006 2808 1105 2850 pono]
1134 2813 1227 2850 Upus
1247 2811 1366 2851 majus,
1385 2823 1413 2853 p.
1435 2816 1483 2845 57.

221 2848 316 2881 twice
335 2863 343 2888 3
361 2852 398 2884 L.
416 2853 450 2884 in
467 2854 521 2886 the
538 2855 610 2889 first
626 2857 773 2891 instance
790 2860 877 2901 only.
980 2862 992 2879 ³
1008 2858 1213 2904 Eclzz'cwwn]
1240 2864 1283 2894 vi.
1303 2870 1331 2896 ὃ.
