1964 3259
108 1471 181 1503 The
198 1472 303 1504 colon.

337 246 423 286 250
848 254 1021 288 RoGERI
1054 254 1251 288 BAconis
1625 251 1739 307 [cAP.

333 365 430 408 aliis
462 379 559 421 quae
591 364 687 407 dixi
704 381 714 417 3
767 365 834 407 ita
864 366 982 421 quod
1012 369 1201 423 punctus
1238 367 1465 424 depressus
1512 368 1570 410 sit
1601 369 1740 412 totius

334 435 451 490 quod
483 435 774 491 suspenditur,
809 437 861 476 ut
905 449 983 491 per
1033 435 1145 477 illud
1187 436 1304 491 quod
1345 436 1544 492 sequitur
1584 452 1738 479 versus

334 503 614 559 compleatur.
678 503 795 544 Item
827 503 857 545 J
861 504 1044 545 ohannis
1077 503 1243 546 decimo
1276 504 1430 560 quinto
1457 504 1602 563 [22.]:
1651 505 1740 548 “Si

336 575 358 593 “
390 586 480 612 non
521 570 737 613 venissem
769 574 814 613 et
843 571 1017 614 locutus
1058 572 1235 614 fuissem
1273 573 1345 623 eis,
1378 576 1606 629 peccatum
1651 588 1740 616 non

337 646 359 661 “
390 638 643 681 haberent.''
706 639 794 681 Hic
825 640 942 681 cadit
987 640 1163 696 negatio
1200 656 1329 698 super
1371 641 1480 683 duas
1515 642 1736 684 orationes

332 708 504 764 primas,
550 710 595 750 et
641 712 775 764 negat
820 711 977 751 totum.
1042 709 1102 756 Et
1133 709 1231 751 ideo
1264 710 1395 752 debet
1426 710 1521 751 fieri
1552 713 1742 766 punctus

332 776 390 818 ad
433 776 545 818 illud
589 777 706 832 quod
754 776 862 819 dicit
908 776 984 828 eis,
1030 781 1075 819 et
1119 792 1209 819 non
1246 779 1303 819 ad
1338 778 1448 820 illud
1480 780 1597 834 quod
1634 779 1742 821 dicit

333 844 565 896 venissem,
599 845 712 887 sicut
748 845 907 902 vulgus
939 845 1056 896 facit,
1091 849 1137 888 et
1167 847 1351 902 apponit
1384 848 1663 903 negationem
1694 848 1742 889 in

332 915 520 956 secunda
551 915 761 966 oratione,
791 918 837 956 et
868 915 1106 971 corrumpit
1136 916 1470 957 translationem
1501 916 1739 971 antiquam,

333 983 489 1033 dicens,
527 988 550 1005 ‘⁴
564 986 608 1024 et
639 998 728 1025 non
758 983 929 1025 locutus
960 983 1138 1025 fuissem
1170 983 1267 1025 eis.''
1328 984 1415 1026 Sed
1447 998 1595 1026 omnes
1626 985 1742 1026 anti-

333 1066 430 1106 quee
478 1051 634 1093 Bibliae
680 1051 844 1093 habent
888 1066 1022 1094 unam
1063 1052 1198 1093 solam
1245 1053 1536 1109 negationem,
1585 1056 1630 1095 et
1681 1054 1742 1095 610

333 1119 565 1161 transtulit
612 1119 927 1175 Hieronymus,
961 1123 1006 1161 et
1048 1125 1321 1163 sacrosancta
1351 1122 1507 1178 recipit
1541 1122 1741 1163 Romana

333 1188 510 1230 ecclesia
527 1205 537 1241 3
576 1192 620 1230 et
666 1188 764 1230 ideo
808 1203 897 1229 non
940 1191 1006 1230 est
1036 1188 1103 1230 fas
1146 1192 1317 1231 mutare
1358 1192 1535 1231 textum
1571 1190 1654 1232 Dei
1697 1193 1742 1232 et

333 1256 533 1299 ecclesiae.
599 1257 660 1299 Et
702 1258 762 1299 610
806 1258 858 1299 (16
896 1256 1085 1299 infinitis
1118 1258 1251 1312 quasi.
1315 1258 1375 1300 Et
1412 1259 1516 1314 quia
1536 1273 1626 1300 non
1657 1273 1743 1300 ser-

332 1329 466 1368 vatur
506 1326 737 1382 punctatio
778 1329 910 1378 recta,
943 1329 1144 1368 mutatur
1187 1327 1292 1368 ordo
1323 1330 1467 1368 rectus
1499 1327 1741 1379 sententiae,

334 1398 379 1437 et
409 1409 559 1436 sensus
590 1395 705 1451 perit
736 1409 835 1436 cum
867 1394 1004 1436 litera.

394 1463 589 1506 Functus
636 1478 740 1505 vero
788 1464 984 1506 elevatus
1032 1463 1163 1506 debet
1194 1462 1288 1505 fieri
1321 1464 1497 1519 quando
1544 1478 1633 1506 non
1677 1467 1743 1506 est

333 1532 555 1588 suspensio
618 1532 832 1584 absoluta,
895 1532 971 1573 sed
1031 1532 1250 1574 sententia
1314 1532 1581 1588 imperfecta,
1645 1547 1742 1588 quae

334 1600 587 1642 immediate
646 1601 872 1656 perficitur
925 1615 1004 1656 per
1064 1600 1111 1641 id
1173 1601 1292 1655 quod
1353 1601 1561 1656 sequitur.
1623 1601 1740 1642 Nam

335 1672 480 1725 potest
532 1683 622 1710 esse
673 1667 933 1724 multiplexl
1001 1668 1196 1710 clausula
1242 1669 1469 1720 absoluta3
1517 1670 1591 1711 sed
1632 1670 1741 1711 illa2

334 1752 432 1792 quae
478 1752 569 1779 non
615 1737 767 1779 statim
814 1736 1048 1792 perficitur,
1082 1736 1187 1778 facit
1219 1751 1387 1778 comma
1403 1753 1413 1789 ;
1466 1736 1541 1779 et3
1591 1752 1740 1779 secun-

335 1807 402 1857 da,
442 1821 540 1861 quae
590 1805 842 1847 immediate
884 1805 1064 1860 perficit,
1098 1805 1203 1846 facit
1235 1805 1386 1857 colon3
1431 1808 1481 1847 ut
1511 1806 1559 1847 in
1588 1806 1742 1861 primis

334 1874 547 1929 exemplis
599 1877 665 1916 est
708 1873 966 1929 expositum.
1031 1872 1118 1915 Sed
1161 1873 1398 1928 aliquando
1439 1888 1529 1916 non
1561 1878 1624 1916 est
1656 1875 1741 1917 nisi

335 1957 425 1984 una
456 1943 675 1985 sententia
721 1942 994 1998 perficienda,
1044 1945 1089 1983 et
1136 1942 1239 1997 quia
1274 1941 1476 1983 absoluta
1519 1945 1596 1993 est,
1644 1943 1742 1985 ideo

334 2011 531 2053 elevatur
573 2010 811 2066 punctatio.
906 2010 966 2052 Et
1013 2010 1083 2052 hic
1125 2013 1228 2051 sunt
1270 2025 1394 2052 casus
1436 2011 1565 2053 valde
1596 2012 1740 2064 multi,

333 2083 512 2135 propter
563 2079 951 2121 determinationes
1003 2082 1048 2121 et
1106 2078 1372 2135 negationes,
1392 2078 1409 2101 4
1479 2083 1523 2121 et
1589 2080 1739 2123 multa.

335 2148 492 2189 Multis
539 2148 655 2189 enim
701 2148 842 2189 modis
883 2148 935 2189 fit
966 2147 1285 2197 determinatio,
1319 2150 1364 2188 et
1404 2147 1637 2204 diligenter
1673 2163 1742 2190 oa-

337 2215 532 2258 vendum
608 2219 661 2258 ut
722 2216 1014 2272 conjungatur
1075 2216 1145 2257 vel
1207 2219 1432 2271 separetur
1505 2217 1741 2259 secundum

335 2285 451 2339 quod
483 2285 703 2327 sententia
733 2284 927 2340 requirit.
992 2284 1110 2326 Nam
1155 2287 1207 2326 ut
1237 2299 1326 2325 non
1356 2284 1561 2326 videatur
1602 2286 1742 2327 deter-

337 2353 521 2394 minatio
585 2368 682 2395 cum
743 2353 943 2408 proximo
1007 2352 1329 2394 determinabili
1387 2352 1542 2395 debere
1603 2353 1743 2395 solum

338 2421 596 2470 continuari,
631 2421 763 2462 debet
793 2420 1029 2475 aliquando
1061 2420 1251 2475 separari
1283 2420 1337 2461 ab
1369 2423 1554 2475 utroque
1570 2437 1580 2471 3
1630 2421 1742 2463 sicut

338 2488 516 2530 Genesis
578 2487 909 2544 quadragesimo
936 2487 1078 2544 [21.]:
1154 2487 1491 2542 “Restituitque
1552 2488 1740 2530 alterum

339 2558 361 2578 ‘⁴
392 2556 440 2598 in
472 2557 615 2599 locum
646 2571 786 2608 suuni,
818 2559 870 2597 ut
890 2555 1134 2612 porrigeret
1165 2555 1257 2611 regi
1288 2555 1521 2611 poculum;
1552 2556 1740 2599 alterum

382 2761 389 2778 ¹
408 2758 586 2802 multiplex]
613 2759 746 2802 triplex,
764 2760 803 2792 T,
1120 2759 1130 2776 ⁴
1147 2758 1416 2790 determinationes
1461 2764 1491 2790 et
1538 2761 1735 2803 neyationes]

379 2813 391 2830 ²
406 2811 479 2854 illa]
507 2823 555 2849 ea,
573 2813 611 2844 T.
1078 2811 1271 2854 negationes
1287 2816 1319 2843 et
1334 2811 1638 2852 determinationes,
1655 2813 1694 2845 T.

381 2866 393 2882 3
409 2865 460 2907 et]
487 2875 550 2896 om.
567 2865 605 2896 T.
