1964 3259
212 258 336 313 vm]
658 266 963 300 COMPENDIUM
996 266 1163 297 srUDH.
1528 256 1614 297 493

211 385 393 433 tionum,
437 386 481 425 ct
512 382 858 439 computationes
889 395 1112 429 annorum,
1157 383 1201 421 et
1242 379 1532 428 historiarum,
1572 382 1616 420 ct

214 452 450 494 secundum
489 465 636 493 omnes
687 453 820 499 actus,
865 452 910 490 et
962 448 1326 490 considerationes
1378 446 1616 487 hominum.

218 520 278 561 Et
308 520 367 562 sic
390 520 579 562 October
613 521 678 560 est
714 518 882 574 primus
919 516 1081 558 mensis
1118 519 1164 557 et
1199 514 1467 571 principium
1500 513 1617 554 anni.

217 588 276 629 Et
308 588 368 629 sic
400 588 573 642 Moyses
604 589 649 628 et
680 586 709 628 J
714 585 829 627 udaei
860 600 886 626 a
917 584 1129 640 principio
1156 583 1309 625 mundi
1338 597 1474 638 usque
1503 595 1618 622 nunc

215 660 498 698 servaverunt
538 659 783 710 temporum
824 653 1070 703 ratione1n;
1123 655 1200 693 aut
1241 651 1408 707 primus
1456 649 1618 691 mensis

216 727 359 780 potest
393 724 479 765 dici
515 726 728 778 quantum
761 722 817 762 ad
850 721 1184 762 solemnitatem.
1252 719 1312 760 Et
1349 718 1410 760 sic
1452 717 1618 773 Aprilis

219 796 283 832 est
318 791 513 846 primus3
545 791 647 845 quia
681 790 728 831 in
750 804 798 831 eo
819 789 954 830 fiebat
980 788 1121 843 prima
1158 786 1423 838 solemnitas,
1458 786 1621 827 scilicet

219 859 394 907 Pascha,
436 862 480 900 et
527 862 625 913 post
671 856 992 912 quinquaginta
1035 856 1126 896 dies
1159 854 1427 903 Pentecoste,
1469 856 1513 894 et
1563 853 1623 894 sic

219 927 410 967 ulterius.
475 925 560 967 Sed
593 926 653 966 sic
684 939 773 965 non
820 923 1118 965 consideratur
1160 922 1329 978 primus
1374 921 1533 963 mensis
1577 921 1623 961 in

220 997 432 1049 quantum
477 997 542 1035 est
586 992 847 1049 principium
890 991 1090 1033 naturale
1133 991 1343 1046 temporis
1395 990 1499 1030 anni
1551 989 1625 1030 scd

221 1062 366 1117 legale.
431 1061 648 1113 Quoniam
680 1060 818 1116 igitur
849 1060 941 1101 haec
972 1062 1126 1114 patent
1147 1058 1408 1100 auctoritate
1430 1057 1625 1112 Josephi,

222 1130 318 1171 ideo
351 1130 467 1184 quod
499 1129 665 1170 dictum
697 1132 762 1170 est
794 1127 955 1169 sufficit
987 1128 1042 1168 ad
1074 1128 1186 1169 hanc
1217 1127 1377 1168 horam.

283 1197 419 1239 Totus
471 1211 572 1253 ergo
624 1197 693 1238 hic
745 1210 861 1238 error
911 1195 1225 1251 theologorum,
1286 1198 1331 1236 et
1390 1194 1628 1251 glossarum
1647 1196 1731 1247 Thi}
1743 1195 1850 1238 11)Ῥο-

223 1265 554 1320 magistralium,
588 1267 632 1306 et
667 1263 870 1320 Magistri
903 1263 1114 1305 Historiae
1144 1263 1270 1304 venit
1302 1277 1357 1304 ex
1388 1263 1477 1312 hoc,
1512 1262 1628 1317 quod
1647 1241 1819 1326 Qizlesable

225 1347 313 1374 non
336 1333 593 1388 intelligunt
614 1332 643 1374 J
648 1332 866 1388 osephum‚
890 1335 1066 1387 propter
1096 1331 1391 1387 ignorantiam
1416 1330 1630 1372 mensium
1648 1334 1681 1360 to
1698 1330 1792 1360 other

227 1401 475 1442 Graecorum
518 1404 562 1442 et
604 1400 904 1450 Hebraeorum,
939 1400 1098 1455 quibus
1143 1400 1288 1440 utitur
1329 1398 1460 1440 Sacra
1491 1398 1632 1453 Scrip-
1648 1372 1860 1459 ξῖῗῗὲῗὲἷθοΐ

226 1473 336 1518 tura,
371 1472 415 1510 et
456 1483 639 1524 quorum
680 1468 885 1509 notitiam
927 1467 1108 1522 requirit
1149 1467 1241 1522 ejus
1272 1467 1486 1522 expositio
1527 1466 1633 1521 legi-

227 1537 338 1578 tima
369 1541 413 1578 et
454 1537 627 1578 sincera.
692 1535 779 1577 Sed
812 1551 866 1577 ex
907 1535 975 1576 his
1006 1535 1172 1590 majora
1202 1538 1453 1590 sequuntur.
1515 1534 1632 1575 Nam

228 1605 264 1645 si
286 1604 548 1659 principium
579 1603 683 1644 anni
714 1603 848 1644 fuerit
879 1603 1102 1644 lunatione
1136 1602 1347 1652 Octobris,
1380 1606 1487 1644 tunc
1517 1601 1634 1658 prin-

229 1672 389 1727 cipium
420 1671 575 1713 mundi
606 1671 691 1713 fuit
734 1671 781 1712 in
827 1671 907 1712 tali
939 1674 1143 1726 tempore.
1207 1671 1267 1712 Et
1297 1670 1398 1712 huic
1428 1673 1636 1712 consonat

230 1739 486 1795 Scriptura3
537 1740 742 1795 quoniam
773 1742 901 1780 terrae
932 1739 1158 1780 nascentia
1188 1738 1236 1779 in
1269 1738 1426 1780 Genesi
1458 1738 1636 1779 fuerunt

230 1811 376 1849 creata
406 1807 455 1848 in
486 1822 564 1848 sua
595 1807 891 1862 perfectione3
936 1809 988 1847 ut
1019 1806 1194 1847 arbores
1234 1821 1332 1848 cum
1370 1806 1458 1847 suis
1494 1806 1635 1861 pomis

231 1879 275 1916 et
305 1875 520 1916 fructibus
552 1875 746 1925 caeteris3
780 1878 823 1915 et
845 1877 1012 1929 segetes
1044 1877 1089 1915 et
1121 1874 1266 1915 omnia
1296 1874 1342 1915 in
1373 1873 1635 1929 perfectione

233 1946 276 1984 et
307 1943 434 1997 plena
465 1942 732 1991 maturitate,
767 1942 880 1983 sicut
910 1945 1061 1982 textus
1104 1941 1195 1996 ipse
1238 1942 1352 1997 sapit
1398 1945 1442 1983 et
1489 1956 1636 1983 omnes

232 2010 422 2052 credunt.
486 2010 544 2051 Et
575 2024 744 2051 necesse
777 2012 871 2061 est3
904 2009 1006 2064 quia
1029 2009 1111 2050 Dei
1142 2009 1331 2064 perfecta
1362 2013 1466 2051 sunt
1497 2023 1634 2065 opera.

234 2079 294 2118 Et
325 2078 469 2119 Adam
500 2080 544 2118 et
578 2077 673 2118 Eva
704 2076 948 2118 debuerunt
979 2077 1129 2118 statim
1163 2077 1384 2119 comedere
1429 2077 1481 2119 de
1526 2078 1635 2118 fruc-

233 2146 362 2195 tibus,
407 2149 584 2201 propter
616 2145 732 2199 quod
763 2145 956 2200 oportuit
988 2144 1104 2199 quod
1137 2147 1281 2186 essent
1312 2145 1482 2186 maturi.
1546 2144 1632 2187 Sed

233 2217 404 2269 tempus
448 2213 718 2254 maturitatis
751 2216 795 2254 et
827 2212 1089 2254 collectionis
1119 2212 1340 2254 fructuum
1371 2228 1459 2253 non
1491 2216 1556 2254 est
1587 2213 1634 2253 in

235 2281 379 2336 Aprili
418 2295 495 2322 nec
541 2281 589 2321 in
629 2280 801 2329 Martio,
854 2281 929 2321 sed
979 2280 1026 2321 in
1076 2280 1161 2322 fine
1210 2281 1479 2336 Septembris
1511 2284 1555 2322 et
1586 2281 1631 2322 in

234 2349 444 2404 principio
468 2348 678 2398 Octobris,
713 2351 757 2389 et
787 2348 903 2390 ultra
925 2363 1042 2389 mare
1075 2349 1310 2389 secundum
1334 2348 1603 2404 Scripturam
1625 2365 1635 2400 ;

234 2416 370 2472 igitur
415 2419 521 2457 tunc
551 2416 638 2457 fuit
681 2416 943 2471 principium
975 2416 1139 2457 mundi.
1203 2416 1247 2456 N
1251 2430 1297 2457 ec
1327 2417 1445 2457 valet
1490 2417 1630 2458 dicere

235 2484 350 2539 quod
402 2483 521 2525 Deus
584 2484 729 2539 potuit
780 2498 914 2538 quum
966 2484 1107 2525 voluit
1171 2483 1404 2539 producere
1470 2484 1636 2525 fruetus

235 2555 427 2593 maturos
458 2551 505 2592 in
542 2552 763 2607 principio,
813 2556 857 2593 et
903 2552 966 2593 ita
1012 2552 1122 2593 bene
1170 2553 1217 2592 in
1248 2552 1391 2607 Aprili
1434 2551 1546 2593 sicut
1590 2552 1635 2593 in

239 2618 418 2659 Octobri
455 2623 499 2660 et
532 2619 789 2674 Septembri.
852 2619 924 2660 Ad
971 2619 1087 2674 quod
1135 2619 1365 2660 dicendum
1411 2623 1486 2668 est,
1520 2620 1636 2674 quod

235 2686 337 2726 licet
368 2686 564 2740 potentia
586 2687 668 2727 Dei
698 2700 787 2726 non
818 2689 1019 2735 arctetur,
1052 2686 1155 2740 quia
1184 2686 1360 2726 infinita
1390 2690 1466 2735 est,
1490 2690 1636 2728 tamen

237 2753 466 2793 voluntate
499 2753 662 2794 creavit
694 2754 838 2794 omnia
870 2757 913 2794 et
951 2754 1170 2808 produxit,
1213 2757 1256 2794 et
1294 2754 1497 2795 voluntas
1544 2755 1635 2809 ejus

238 2824 303 2861 est
334 2821 569 2862 secundum
600 2825 760 2863 rectam
793 2821 1005 2863 rationem
1038 2825 1082 2863 et
1125 2821 1367 2864 naturalem
1407 2822 1634 2874 ordinem3
