1964 3259
135 391 240 424 What
255 401 332 433 por-

136 436 223 468 tions
236 437 274 468 of

133 482 190 512 the
210 481 304 523 Opus

137 523 256 567 Μαίης
272 526 328 558 the

134 570 255 601 author
262 581 342 602 con-

135 614 265 646 sidered

133 664 220 690 most
235 659 297 690 im-

132 708 275 744 portant.

366 264 451 304 318
879 272 1051 304 Roaiam
1082 271 1278 304 BAcoms

362 404 531 446 cunque
552 393 663 432 esset
684 389 905 442 eruditus3
937 390 1054 431 inter
1086 403 1183 445 quae
1205 389 1346 445 figura
1378 387 1432 430 de
1458 387 1768 444 compositione

361 459 511 501 circuli
546 459 619 501 vel
665 459 790 509 oculi,
844 461 888 500 et
940 458 1087 500 decem
1128 457 1299 500 ultimae
1351 456 1647 512 figurationes.
1709 456 1769 498 Et

361 529 559 583 quaedam
592 528 689 570 aliae
723 528 775 569 de
806 527 1130 569 reflectionibus
1178 525 1395 582 praecipue
1432 528 1535 567 sunt
1579 524 1771 567 conside-

359 597 519 638 randae.
582 596 699 637 Nam
731 595 899 637 homini
930 595 1144 637 instructo
1188 595 1236 635 in
1282 594 1350 636 his
1393 597 1458 636 est
1490 593 1769 650 pulchritudo

359 669 404 706 et
435 664 651 721 sapientia
694 664 880 713 infinita,
927 663 1040 705 sicut
1085 666 1303 705 tractatus
1348 663 1539 718 exponit.
1604 661 1692 704 Sed
1722 661 1770 702 in

357 733 668 775 mathematica
711 736 814 774 sunt
845 731 997 782 multa,
1029 732 1148 774 unde
1180 731 1381 787 quaedam
1412 733 1592 787 propter
1623 730 1770 771 omnia

356 801 528 843 scienda
570 804 885 857 proponuntur,
942 803 987 842 et
1031 803 1096 842 est
1127 800 1265 842 facilis
1309 799 1561 841 intellectus
1592 798 1669 840 ubi
1701 801 1768 840 est

356 870 550 912 maxima
579 870 750 912 utilitas
781 869 1068 925 philosophiae
1101 869 1333 925 theologiae
1372 872 1416 910 et
1448 867 1635 910 ecclesiae
1658 866 1769 918 D01;

357 939 468 980 sicut
499 939 693 995 superius
725 941 893 980 tactum
925 941 1001 989 est,
1025 940 1070 979 et
1091 937 1390 979 abundantius
1422 936 1469 977 in
1491 950 1618 992 opere
1651 934 1769 990 quod

356 1007 490 1048 mitto
522 1007 777 1063 explicatur.
841 1007 901 1047 Et
932 1005 1031 1047 ideo
1074 1008 1142 1047 ter
1185 1005 1294 1047 facio
1341 1007 1582 1046 tractatum
1615 1003 1668 1044 de
1700 1003 1768 1043 his

356 1074 490 1126 locis3
521 1089 625 1116 nam
657 1075 799 1130 primo
829 1073 1050 1129 investigo
1082 1073 1428 1128 comparationes
1459 1071 1767 1128 principalium

355 1143 547 1185 locorum
589 1143 636 1184 in
678 1146 804 1198 parte
848 1141 1128 1198 geometriae;
1172 1141 1329 1182 deinde
1388 1155 1501 1196 pono
1548 1154 1768 1195 compara-

356 1211 523 1253 tionem
573 1210 895 1253 mathematicae
946 1211 1003 1252 ad
1043 1209 1320 1265 theologiam.
1401 1208 1550 1263 Tango
1602 1210 1767 1263 septem

356 1280 521 1322 radices
552 1295 732 1336 magnas
777 1280 823 1320 in
856 1279 1014 1334 quibus
1057 1277 1369 1320 mathematica
1415 1275 1656 1318 necessaria
1703 1278 1769 1316 est

356 1349 599 1406 theologiae,
635 1353 679 1391 ct
710 1363 798 1390 una
829 1352 894 1390 est
939 1348 991 1389 de
1035 1347 1139 1389 locis
1171 1346 1355 1397 mundi3
1402 1345 1534 1386 tertio
1572 1343 1768 1400 speciali-

357 1421 424 1459 ter
468 1421 534 1460 est
565 1418 758 1460 scientiae
796 1416 1128 1459 mathematicae.
1206 1415 1393 1471 Expono
1437 1414 1531 1456 loca
1574 1413 1622 1454 in
1654 1416 1768 1454 trac-

356 1490 455 1528 tatu
487 1490 531 1528 et
561 1486 715 1542 figura.
780 1486 839 1527 Et
869 1485 949 1527 1100
981 1484 1223 1541 dupliciter,
1262 1483 1424 1524 scilicet
1466 1482 1766 1531 astronomice,

359 1558 403 1596 et
445 1555 717 1596 naturaliter.
792 1553 853 1594 Et
884 1554 977 1595 haec
1008 1552 1217 1609 figuratio
1250 1554 1316 1593 est
1346 1551 1487 1593 facilis
1519 1551 1576 1592 ad
1605 1550 1766 1591 facien-

357 1623 462 1664 dum
493 1625 726 1679 postquam
757 1621 875 1663 facta
906 1624 982 1672 est,
1018 1620 1092 1662 sed
1137 1619 1395 1661 difficillima
1438 1620 1495 1660 ad
1526 1618 1767 1660 certifican-

357 1692 460 1733 dum
508 1694 552 1733 et
596 1690 922 1733 inveniendum.
988 1689 1106 1730 Nam
1149 1688 1346 1729 infinitas
1390 1687 1675 1729 auctoritates
1723 1689 1767 1728 et

355 1759 721 1802 considerationes
754 1761 926 1814 oportet
948 1757 1017 1798 hic
1038 1757 1181 1799 videri
1200 1773 1209 1808 3
1233 1760 1277 1798 et
1308 1756 1582 1812 operationes
1613 1770 1765 1796 nume-

355 1844 502 1870 rorum
534 1832 579 1870 et
610 1828 851 1884 figurarum
874 1830 978 1867 sunt
1010 1840 1193 1867 summae
1232 1824 1504 1867 difficultatis
1535 1824 1593 1865 ad
1622 1824 1767 1879 inqui-

353 1897 563 1949 rendum;
595 1897 711 1938 unde
733 1910 902 1937 menses
923 1894 1084 1950 integri
1116 1894 1186 1934 hic
1217 1894 1500 1950 requiruntur
1532 1892 1766 1933 delectioni

354 1966 562 2016 materiae,
587 1965 689 2020 quia
719 1967 898 2020 propter
918 1963 1159 2004 utilitatem
1181 1962 1403 2003 infinitam
1425 1960 1765 2016 pulcherrimum

355 2038 420 2077 est
454 2033 670 2091 [habere,]
718 2048 795 2089 pro
827 2031 1032 2073 manibus
1079 2034 1224 2072 totum
1266 2029 1481 2071 mundum
1528 2029 1688 2070 habere
1719 2029 1766 2069 in

356 2107 573 2159 1‘›romptu,
628 2117 731 2143 nain
784 2100 1052 2142 exercitatus
1096 2099 1143 2139 in
1190 2099 1258 2139 his
1306 2097 1386 2139 scit
1439 2097 1565 2139 corde
1618 2110 1767 2137 omnes

354 2171 590 2213 varietates
621 2171 826 2222 locorum,
867 2172 911 2210 et
953 2167 1195 2218 hominum,
1239 2170 1283 2207 et
1326 2168 1579 2207 caeterarum
1621 2178 1765 2205 rerum

357 2240 403 2280 in
450 2242 546 2281 tota
592 2237 838 2288 habitabili,
901 2239 945 2277 et
995 2238 1141 2291 potest
1208 2249 1258 2276 ea
1319 2233 1554 2289 depingere
1606 2232 1766 2287 quibus

356 2322 455 2348 cum
500 2307 608 2348 vult.
691 2306 810 2347 Nam
853 2305 956 2346 licet
1001 2306 1180 2344 tantum
1218 2302 1375 2343 fuerim
1419 2301 1467 2341 in
1512 2301 1676 2356 Anglia
1721 2303 1765 2341 et

356 2375 551 2426 Francia,
575 2378 725 2416 tamen
755 2373 820 2414 ita
850 2373 960 2414 bene
993 2371 1277 2412 describerem
1308 2372 1454 2425 partes
1487 2372 1531 2409 et
1562 2367 1764 2409 civitates

353 2443 582 2498 regionum
620 2442 738 2482 ultra
768 2454 886 2481 mare
933 2442 977 2479 et
1021 2438 1128 2479 alibi
1172 2452 1248 2493 per
1290 2437 1514 2486 mundum,
1561 2436 1672 2476 sicut
1718 2435 1764 2475 111

357 2511 542 2552 Francia
572 2513 617 2551 et
648 2509 822 2564 Anglia,
872 2506 1066 2562 exceptis
1097 2505 1185 2546 illis
1217 2504 1472 2546 civitatibus
1505 2505 1550 2544 et
1581 2503 1686 2544 locis
1717 2503 1763 2543 111

354 2580 512 2635 quibus
558 2580 752 2619 moratus
794 2590 903 2617 sum.
983 2574 1101 2615 Nam
1134 2573 1245 2615 sicut
1277 2572 1363 2613 scio
1395 2571 1615 2627 distinguo
1648 2571 1762 2611 Nor-

355 2647 591 2697 manniam,
641 2649 685 2688 et
724 2643 1001 2686 Britanniam
1049 2642 1276 2691 Minorem,
1323 2645 1367 2681 et
1415 2640 1668 2689 Pictaviam,
1719 2642 1763 2680 et

355 2716 625 2765 Vasconiam,
650 2717 694 2755 et
724 2711 1026 2769 Aquitaniam,
1059 2714 1104 2752 et
1135 2709 1368 2752 Tholosam
1400 2708 1682 2764 provinciam,
1719 2710 1763 2748 et

355 2784 670 2841 Burgundiam,
715 2786 759 2824 et
803 2784 960 2824 caetera
991 2780 1085 2821 loca
1115 2779 1163 2819 in
1207 2778 1365 2833 quibus
1396 2792 1485 2818 non
1516 2776 1590 2828 fui,
1640 2775 1758 2816 simi-

353 2853 454 2896 liter
497 2851 778 2908 AEthiopiam,
826 2850 1013 2902 Indiam,
1059 2852 1103 2891 et
1134 2846 1341 2899 Africam,
1386 2849 1430 2888 et
1475 2845 1666 2901 Syriam,
1714 2846 1758 2886 et
