1964 3259
153 734 331 776 Insipidity

152 782 217 811 and
232 780 350 822 vanity

152 825 190 856 of
202 835 349 857 sermons

153 870 187 900 in
205 869 345 902 Bacon’s

154 915 245 956 days.

374 249 462 291 304
882 257 1054 289 ROGERI
1086 255 1280 288 BAcoms
1657 247 1776 303 [CAR

373 378 586 430 albiorem,
635 377 674 420 ei
718 375 998 427 necessarius,
1047 378 1261 431 tanquam
1310 389 1461 417 servus
1506 374 1782 417 dominatori.

374 448 517 499 Unde,
541 447 655 489 sicut
686 445 960 502 philosophia
992 445 1037 486 in
1069 444 1165 486 aliis
1198 446 1265 486 est
1297 443 1538 485 necessaria
1576 444 1778 493 ecclesiae,

373 516 433 558 sic
464 516 655 557 maxime
687 515 735 556 in
766 515 846 556 hac
877 517 1028 570 parte;
1065 512 1273 569 quoniam
1305 512 1557 569 principalis
1588 512 1780 554 intentio

374 585 561 627 ecclesiae
593 589 638 627 et
669 584 853 626 ultimus
883 584 985 625 finis
1017 586 1081 625 est
1114 598 1221 639 opus
1258 583 1599 640 praedicationis,
1630 587 1681 624 ut
1713 583 1778 624 in-

373 654 522 696 fideles
567 653 623 696 ad
674 653 807 695 fidem
859 655 1185 703 convertantur,
1234 655 1278 694 et
1323 652 1473 694 fideles
1515 652 1562 693 in
1606 652 1691 694 fide
1735 655 1781 694 et

375 723 569 765 moribus
620 725 940 765 conserventur.
1019 721 1107 764 Sed
1159 721 1262 777 quia
1313 724 1549 776 utrumque
1602 721 1780 762 modum

375 793 534 848 vulgus
565 792 751 848 ignorat,
784 791 882 832 ideo
926 791 1144 832 convertit
1179 805 1224 832 se
1268 790 1324 832 ad
1364 805 1580 831 summam
1625 793 1670 831 et
1715 790 1780 830 in—

376 861 549 903 finitam
601 860 910 910 curiositatem,
964 859 1127 901 scilicet
1177 874 1254 915 per
1305 858 1541 901 divisiones
1585 858 1783 914 Porphy-

376 930 533 980 rianas,
567 932 611 971 et
642 943 719 985 per
749 927 1058 970 consonantias
1095 927 1269 983 ineptas
1309 927 1544 969 verborum
1588 930 1633 969 et
1665 927 1782 969 clau-

376 999 582 1050 sularum,
607 1001 652 1039 et
677 1012 753 1053 per
785 996 1115 1038 concordantias
1136 996 1318 1046 vocales„
1342 996 1390 1037 in
1412 996 1571 1052 quibus
1594 1000 1659 1038 est
1691 997 1782 1037 sola

376 1067 552 1110 vanitas
573 1067 768 1117 verbosa,
792 1065 910 1106 omni
943 1080 1092 1107 carens
1123 1068 1281 1107 ornatu
1309 1065 1526 1107 rhetorico
1549 1069 1593 1106 et
1614 1065 1782 1107 virtuto

376 1136 676 1193 persuadendi.
753 1134 984 1186 Quoddam
1016 1133 1134 1174 enim
1166 1134 1429 1190 phantasma
1460 1137 1525 1175 est
1556 1134 1783 1190 pueriliter

376 1206 572 1255 effusum,
627 1208 672 1246 et
724 1218 750 1245 a
795 1203 942 1259 pueris
999 1202 1301 1253 adinventum,
1347 1203 1497 1244 vacuis
1560 1203 1616 1244 ab
1662 1203 1781 1244 omni

374 1274 592 1330 sapientia
640 1276 685 1314 et
730 1271 963 1327 eloqucndi
1011 1274 1242 1327 potestate,
1288 1274 1340 1313 ut
1383 1271 1614 1314 manifeste
1661 1275 1783 1327 patet

375 1343 556 1386 cuilibet
587 1341 794 1392 intuenti,
817 1340 930 1382 sicut
953 1340 999 1381 in
1022 1339 1222 1381 Secundo
1247 1339 1388 1396 Opere
1421 1343 1465 1382 et
1493 1339 1599 1381 hoc1
1636 1340 1784 1382 Tertio

376 1412 517 1468 Opere
562 1411 608 1452 in
642 1410 836 1452 Peccatis
869 1408 1117 1464 Theologiae
1149 1408 1379 1451 declaravi.
1445 1409 1504 1451 Et
1538 1412 1685 1451 tamen
1718 1413 1783 1451 est

375 1481 437 1522 ibi
469 1479 664 1522 maxima
695 1477 904 1534 temporis
937 1477 1223 1533 consumptio.
1288 1477 1405 1519 Nam
1437 1481 1616 1534 propter
1648 1479 1786 1520 curio-

376 1549 522 1590 sitatis
565 1547 918 1603 superfluitatem
966 1546 1064 1602 plus
1106 1546 1153 1587 in
1191 1546 1372 1602 decuplo
1415 1546 1618 1589 laborant
1674 1548 1784 1589 circa

376 1616 628 1672 hujusmodi
690 1615 824 1657 telam
874 1629 1045 1657 araneae
1098 1615 1444 1665 construendam,
1490 1630 1621 1670 quam
1674 1616 1786 1657 circa

376 1685 642 1728 sententiam
696 1684 915 1726 sermonis.
1001 1683 1218 1735 Quoniam
1272 1686 1419 1724 antem
1472 1683 1575 1725 libri
1615 1684 1783 1740 Logicae

379 1754 636 1797 Aristotelis
685 1753 738 1794 de
780 1752 849 1794 his
901 1752 1053 1803 modis,
1091 1755 1135 1793 et
1188 1752 1495 1794 commentarii
1531 1752 1785 1803 Avicennae,

378 1823 590 1865 deficiunt
620 1822 738 1878 apud
770 1821 966 1872 Latinos,
1000 1824 1044 1862 et
1075 1835 1213 1876 pauca
1259 1835 1356 1875 quae
1404 1820 1620 1862 translata
1666 1825 1782 1873 sunt,

382 1893 428 1933 in
461 1907 543 1933 usu
575 1905 663 1932 non
696 1889 917 1931 habentur
948 1903 1028 1931 nec
1057 1889 1278 1944 leguntur,
1313 1888 1411 1930 ideo
1442 1903 1531 1929 non
1564 1892 1629 1930 est
1661 1889 1786 1930 facile

380 1961 623 2016 exprimere
656 1959 762 2014 quid
810 1960 1013 2013 oporteat
1059 1957 1106 1997 in
1137 1956 1218 1998 hac
1266 1960 1403 2012 parte.
1470 1956 1598 2009 Quod
1634 1961 1780 1999 autem

379 2029 637 2071 Aristoteles
681 2027 784 2068 fecit
832 2027 938 2067 duos
990 2025 1124 2066 libros
1173 2025 1346 2081 Logicae
1400 2025 1453 2067 de
1498 2025 1579 2068 hoc
1625 2041 1782 2082 genere

377 2096 668 2154 persuasionis
699 2095 746 2136 in
778 2098 895 2136 secta
927 2096 971 2135 et
1002 2093 1209 2144 moribus,
1242 2093 1522 2135 manifestavi
1560 2095 1607 2136 in
1650 2095 1784 2137 tertia

378 2170 501 2223 parte
536 2165 689 2222 Operis
723 2163 916 2219 Majoris,
951 2165 996 2204 et
1028 2163 1073 2203 in
1106 2162 1318 2218 septima;
1357 2163 1564 2218 quoniam
1597 2178 1684 2205 non
1717 2167 1783 2205 est

378 2236 559 2277 dubium
604 2234 710 2290 quin
756 2233 890 2273 libros
932 2231 1082 2273 fecerit
1115 2231 1331 2287 optimos3
1373 2232 1475 2274 licet
1507 2232 1661 2274 Latini
1705 2233 1784 2274 hos

378 2305 614 2359 ignorent3
647 2303 760 2343 sicut
791 2301 1111 2356 ignoravcrunt
1141 2299 1276 2341 libros
1307 2314 1433 2342 novae
1462 2300 1644 2356 Logicae,
1679 2302 1782 2342 dum

380 2372 521 2415 solum
569 2373 763 2412 veterem
810 2369 1015 2424 Logicam
1078 2368 1337 2410 habuerunt.
1421 2369 1476 2409 In
1528 2369 1613 2410 illis
1666 2370 1782 2410 enim

381 2440 562 2481 docetur
594 2437 809 2493 quomodo
841 2436 953 2477 fiant
984 2450 1201 2477 sermones
1233 2436 1452 2487 sublimes,
1486 2439 1578 2478 tam
1610 2437 1657 2478 in
1680 2453 1783 2480 voce

380 2522 512 2564 quam
535 2506 765 2555 sententia,
789 2504 1027 2545 secundum
1061 2518 1209 2545 omnes
1241 2508 1422 2546 ornatus
1443 2505 1665 2556 sermonis,
1689 2510 1780 2548 tam

380 2576 558 2617 metrice
606 2577 651 2615 et
682 2572 929 2628 rhythmice
973 2572 1135 2627 quam‘2
1182 2579 1386 2628 prosaice,
1420 2577 1472 2615 ut
1513 2574 1685 2616 animus
1727 2576 1783 2617 ad

379 2643 573 2700 id‚quod
604 2641 801 2684 intendit
835 2655 1078 2698 persuasor,
1103 2641 1304 2697 rapiatur
1325 2641 1419 2684 sine
1441 2643 1712 2698 praevisione,
1737 2648 1781 2686 et

427 2870 434 2889 ¹
454 2867 528 2911 hoc]
556 2878 620 2900 om.
639 2868 679 2900 T.
1070 2865 1077 2909 Ι
1156 2866 1168 2884 ²
1184 2866 1295 2909 qnam]
1323 2871 1363 2906 et,
1383 2867 1423 2900 T.
