1964 3259
113 1046 164 1079 Of
176 1056 279 1097 punc-

113 1097 249 1124 tuation.

327 257 413 298 248
839 267 1011 299 ROGERI
1046 267 1241 299 BAcoms
1625 258 1740 312 [CAP.

329 385 463 427 habet
504 385 756 428 debiliorem
803 400 956 427 sonum
1000 400 1131 441 quam
1173 385 1360 437 vocalis3
1404 388 1582 441 propter
1625 386 1742 441 quod

330 454 511 510 ponitur
551 455 757 510 aspiratio
789 454 929 495 vocali
966 469 992 495 a
1028 458 1152 510 parte
1189 457 1305 505 ante,
1344 456 1389 495 et
1425 454 1680 495 consonanti
1717 470 1743 495 a

331 525 454 578 parte
485 525 594 578 post.
658 522 730 564 Sic
781 522 920 578 igitur
978 522 1155 563 infinita
1209 522 1332 577 quasi
1387 525 1490 563 sunt
1546 522 1745 577 exempla

333 591 386 631 de
420 590 695 646 corruptione
729 590 1040 632 vocabulorum
1068 591 1116 631 in
1148 604 1278 631 sensu
1312 593 1356 632 et
1391 589 1527 639 litera,
1567 593 1746 646 propter

332 658 413 699 hoc
475 659 591 713 quod
652 657 902 713 hujusmodi
968 658 1286 714 aspirationum
1350 658 1593 715 proprietas
1659 673 1746 700 non

336 730 545 769 servatur.
611 726 698 768 Sed
734 731 910 769 transeo
953 727 1010 768 ad
1052 727 1148 769 alia.

902 921 1006 963 CAP.
1042 921 1187 963 LXII.

400 1048 676 1090 LONGITUDO
728 1063 832 1090 vero
885 1052 930 1090 et
981 1049 1175 1090 brevitas
1225 1048 1569 1104 penultimarum
1619 1047 1750 1104 sylla-

340 1116 495 1157 barum
527 1116 767 1171 requiritur
794 1116 842 1156 in
876 1131 1015 1172 prosa,
1039 1116 1116 1158 sed
1149 1131 1239 1158 non
1270 1117 1464 1158 aliarum.
1529 1116 1616 1158 Sed
1647 1116 1751 1171 quia

340 1185 396 1225 ad
433 1185 661 1226 metricam
693 1184 903 1225 musicam
935 1185 1171 1241 pertinent,
1206 1185 1302 1226 ideo
1345 1199 1479 1240 usque
1510 1185 1574 1225 ibi
1607 1185 1752 1226 differ-

341 1253 469 1294 enda.
536 1252 806 1308 Hujusmodi
849 1253 988 1309 igitur
1036 1253 1260 1308 prosodiae,
1308 1267 1405 1307 quae
1449 1256 1662 1301 accentus,
1701 1255 1753 1293 ut

341 1322 509 1363 dictum
562 1324 638 1371 est,
678 1324 904 1371 vocantur,
944 1321 1156 1362 sume-ndo
1193 1324 1419 1362 accentum
1462 1320 1753 1362 communiter

340 1390 397 1431 ad
428 1393 556 1431 tonos
587 1392 632 1430 et
663 1393 914 1445 pneumata,
948 1393 993 1431 et
1023 1389 1323 1446 longitudines
1355 1393 1399 1431 et
1439 1388 1752 1439 brevitudines,

342 1458 504 1499 debent
535 1457 700 1499 servari
733 1458 844 1499 circa
874 1458 1035 1509 literas,
1070 1456 1149 1499 etl
1184 1457 1384 1512 syllabas,
1419 1460 1464 1498 et
1512 1456 1756 1506 dictiones3

343 1541 447 1567 nam
480 1526 754 1581 originaliter
795 1526 937 1568 literis
969 1530 1014 1568 et
1045 1526 1226 1581 syllabis
1268 1526 1495 1575 debentur,
1530 1528 1574 1566 et
1605 1539 1755 1566 secuu-

344 1595 466 1635 dario
499 1594 775 1635 dictionibus.
855 1594 943 1635 Sed
976 1594 1250 1635 orationibus
1282 1594 1489 1649 prosaicis
1521 1593 1619 1634 aliae
1658 1606 1755 1648 pro-

342 1662 644 1704 nuntiationes
686 1662 913 1713 debentur,
968 1676 1065 1716 quae
1114 1662 1265 1703 Graece
1316 1664 1531 1703 vocantur
1575 1674 1754 1709 comma,

342 1731 476 1780 colon,
522 1730 735 1786 periodus,
789 1730 1025 1771 secundum
1072 1729 1300 1778 Isidorum,
1345 1729 1679 1783 Hieronymum,
1712 1732 1757 1769 et

342 1813 526 1849 omnes3
569 1813 665 1853 quae
707 1798 744 1839 si
780 1798 865 1840 rite
908 1812 999 1839 non
1045 1797 1169 1848 fiant,
1218 1799 1417 1839 mutatur
1461 1811 1612 1839 sensus
1659 1811 1755 1838 cum

343 1866 718 1923 pronuntiatione.

405 1934 655 1976 Secundum
695 1934 913 1976 Isidorum
966 1937 1011 1975 et
1063 1937 1261 1975 auctores
1313 1936 1502 1984 caeteros,
1556 1932 1759 1989 periodus

345 2003 507 2045 dicitur
552 2003 630 2044 ubi
675 2017 827 2044 versus
875 2002 1007 2044 debet
1054 2001 1160 2053 fieri,
1211 2002 1375 2043 scilicet
1420 2001 1497 2043 ubi
1542 2001 1760 2043 sententia

347 2071 535 2127 perfecte
567 2071 845 2123 terminatur,
879 2075 923 2112 et
955 2071 1008 2111 fit
1040 2073 1230 2126 punctus
1262 2085 1311 2112 ac
1341 2070 1555 2125 pausatio,
1588 2073 1640 2111 ut
1671 2084 1761 2111 una

347 2139 568 2181 sententia
612 2139 667 2180 ab
708 2139 794 2180 alia
839 2138 1153 2194 distinguatur,
1202 2152 1256 2193 ne
1303 2138 1624 2179 sententiarum
1681 2138 1761 2178 fiat

347 2207 541 2249 confusio
575 2207 875 2258 diversarum,
908 2209 953 2248 et
985 2221 1075 2248 non
1106 2206 1237 2248 debet
1267 2206 1361 2247 fieri
1393 2208 1495 2248 ante
1525 2205 1759 2262 perfectam

347 2276 623 2317 sententiam.
708 2275 794 2317 Sed
836 2274 1005 2330 reliqua
1036 2275 1122 2316 duo
1166 2275 1280 2316 fiunt
1324 2278 1426 2315 ante
1471 2288 1577 2324 eam,
1616 2273 1761 2314 differ-

349 2347 473 2384 enter
504 2347 663 2385 tamen.
727 2343 847 2384 Nam
879 2343 916 2384 si
948 2343 996 2383 in
1027 2357 1116 2385 uno
1147 2357 1277 2384 versu
1309 2340 1502 2384 cadunt2
1532 2342 1624 2382 haec
1660 2340 1758 2390 tria,

348 2413 454 2451 tunc
499 2424 666 2451 comma
713 2411 765 2452 fit
809 2411 963 2466 primo,
1012 2410 1091 2451 ubi
1134 2411 1372 2465 semiplena
1423 2412 1490 2450 est
1541 2409 1762 2450 sententia

348 2478 487 2519 totius
508 2491 688 2528 versus;
721 2481 766 2518 et
797 2477 874 2518 ubi
906 2477 1098 2518 decurrit
1129 2478 1357 2526 sententia,
1388 2490 1476 2517 non
1506 2479 1657 2517 tamen
1684 2476 1760 2517 ad-

350 2546 433 2586 huc
465 2545 631 2595 finitur,
656 2545 733 2586 sed
764 2544 820 2585 ad
852 2545 973 2586 aliud
1004 2544 1217 2596 tenditur,
1241 2545 1293 2586 fit
1315 2544 1448 2586 colon.
1512 2544 1572 2586 Et
1594 2559 1762 2586 comma

349 2613 483 2655 habet
514 2613 816 2669 pausationem
848 2627 1002 2668 parum
1033 2613 1206 2662 flexam,
1238 2612 1361 2654 colon
1392 2626 1496 2654 vero
1529 2612 1758 2663 elevatam,

350 2681 551 2737 periodus
583 2681 772 2737 perfecte
804 2680 1036 2722 descendit.
1102 2680 1162 2722 Et
1193 2680 1274 2722 hoc
1305 2683 1464 2732 totum,
1496 2680 1613 2735 quod
1644 2695 1760 2723 nunc

399 2854 405 2871 ¹
425 2853 471 2896 et]
498 2863 562 2885 om.
580 2853 619 2884 B.
1132 2853 1144 2871 ²
1158 2852 1295 2894 cadunt]
1323 2853 1452 2891 cadant,
1469 2852 1509 2884 B.
