1964 3259
369 246 455 288 466
878 254 1051 287 RocERI
1083 253 1277 287 BAcoms
1655 247 1774 305 [cAP³

366 376 524 427 sanius,
549 378 680 432 atque
711 375 950 418 virtuosius
982 375 1086 417 dum
1117 374 1165 416 in
1196 374 1422 431 primitivo
1453 389 1556 418 vase
1586 379 1773 429 tenetur,

367 460 500 501 quam
532 460 669 501 quum
702 445 755 487 de
786 459 888 487 vase
927 444 974 485 in
1007 458 1085 486 vas
1122 444 1460 495 transfunditur,
1494 445 1774 488 manifestum

366 518 432 557 est
472 515 762 557 necessarium
805 513 897 555 fore
949 513 1132 564 Latinis,
1177 516 1228 555 ut
1270 514 1307 555 si
1358 514 1515 556 volunt
1566 529 1686 570 puro,
1732 518 1776 557 et

365 599 480 634 sano,
516 587 560 626 et
592 582 750 625 efficaci
780 583 1007 639 sapientire
1039 582 1208 638 liquore
1240 583 1396 639 potari,
1428 583 1545 639 quod
1575 583 1623 625 in
1654 584 1775 626 fonte

366 653 577 695 Hebraici
619 652 839 702 sermonis,
879 655 924 693 et
968 651 1121 703 Graeci,
1156 656 1200 693 et
1238 652 1429 702 Arabici,
1474 656 1687 708 tanquam
1728 653 1775 694 in

364 722 603 780 primitivis
647 721 773 773 vasis,
810 721 981 763 discant
1024 721 1285 777 sapientiam
1327 721 1567 764 exhaurire.
1647 722 1774 763 Nun-

366 807 497 848 quam
529 791 645 833 enim
687 793 896 847 poterunt
939 789 1201 846 dignitatem
1245 790 1471 846 sapientiae
1512 791 1559 832 in
1602 791 1778 847 propria

364 861 504 903 forma
555 864 599 902 et
650 860 792 916 figura
844 859 1138 915 contemplari,
1192 873 1271 900 1166
1315 862 1366 900 ut
1411 862 1476 901 est
1526 860 1575 901 in
1626 859 1777 902 decore

365 944 453 980 suo,
486 929 573 971 nisi
604 929 651 970 in
682 928 768 969 illis
809 928 971 984 linguis
1008 942 1102 969 eam
1139 927 1364 983 aspiciant,
1398 928 1445 969 in
1488 929 1646 984 quibus
1687 929 1777 985 pri-

364 999 500 1040 mitus
550 998 694 1039 fuerat
746 997 996 1038 constituta.
1066 996 1115 1047 O,
1166 1000 1380 1051 quantum
1432 997 1572 1053 placet
1620 1000 1776 1053 gustus

365 1067 594 1122 sapientiae
626 1065 693 1106 his
726 1065 800 1120 qui
844 1065 905 1107 516
936 1067 1040 1106 sunt
1072 1064 1227 1106 fontali
1260 1068 1305 1107 et
1345 1064 1554 1121 primaria
1585 1066 1774 1122 plenitu-

366 1135 467 1177 dine
520 1134 715 1176 delibuti.
779 1133 867 1175 Sed
920 1133 995 1188 qui
1047 1133 1127 1174 hoc
1179 1148 1268 1174 non
1319 1137 1423 1175 sunt
1470 1135 1640 1190 experti
1686 1149 1772 1176 non

365 1204 564 1246 sentiunt
597 1202 932 1245 delectationem
966 1202 1223 1258 sapientiae3
1256 1201 1369 1243 sicut
1400 1217 1479 1244 nec
1510 1203 1777 1258 paralyticus

365 1276 509 1329 potest
561 1271 647 1314 cibi
700 1270 974 1313 dulcedinem
1019 1270 1226 1326 judicare.
1331 1269 1390 1312 Et
1442 1271 1545 1326 quia
1596 1271 1777 1314 affectus

366 1357 515 1384 eorum
549 1344 614 1383 est
645 1340 814 1382 solutus
845 1339 1048 1396 paralysi,
1080 1342 1124 1381 ct
1156 1339 1406 1381 intellectus
1439 1353 1587 1381 eorum
1619 1340 1667 1381 in
1698 1340 1777 1382 hac

365 1414 490 1467 parte
538 1413 604 1451 est
650 1410 764 1451 sicut
808 1409 963 1450 surdus
1008 1424 1034 1449 a
1064 1408 1301 1450 nativitate
1346 1409 1403 1450 ad
1444 1408 1777 1451 delectationem

366 1479 616 1530 harmoniae,
649 1478 747 1520 ideo
779 1492 868 1519 non
911 1477 1059 1519 dolent
1092 1477 1145 1518 de
1176 1480 1302 1519 tanto
1345 1478 1505 1519 damno
1538 1477 1774 1534 sapientiae,

368 1564 466 1591 cum
496 1552 647 1590 tamen
677 1548 735 1588 sit
766 1546 1049 1603 proculdubio
1082 1546 1316 1588 infinitum.

139 1630 196 1661 Sth
221 1640 348 1663 reason.
430 1616 597 1659 Octava
643 1630 771 1657 causa
815 1619 880 1656 est
923 1629 1097 1655 annexa
1143 1615 1244 1656 huic
1286 1615 1513 1670 septi1nae3
1544 1630 1647 1656 nam
1688 1630 1775 1657 non

139 1675 312 1752 ffiffv‘lff'
368 1686 509 1728 solum
542 1689 608 1727 est
650 1698 898 1735 consonum,
932 1687 983 1724 ut
1030 1682 1179 1724 Latini
1225 1683 1363 1724 sciant
1394 1683 1568 1739 linguas
1599 1687 1777 1740 propter

138 1753 296 1796 transter-
368 1758 541 1797 textum
573 1754 846 1802 translatum,
881 1751 954 1793 sed
995 1750 1260 1806 impossibile
1292 1754 1357 1792 est
1394 1752 1509 1807 quod
1541 1752 1776 1794 veritatem

137 1808 286 1893 {i‡}{i{{e
366 1824 629 1879 inteHigant,
673 1821 758 1863 nisi
788 1820 951 1877 linguis
992 1820 1197 1861 instructi
1238 1819 1402 1861 fuerint
1434 1820 1594 1862 alienis.
1660 1821 1776 1873 Quo-

139 1907 232 1929 sense
247 1898 286 1930 of
365 1893 485 1934 niam
526 1892 681 1933 beatus
724 1887 1053 1944 Hieronymusl
1098 1887 1205 1929 dicit
1245 1888 1292 1928 in
1332 1888 1444 1930 libro
1487 1889 1553 1930 De
1597 1888 1776 1945 Optimo

137 1943 332 2028 gffiglfflmo
367 1961 534 2003 Genere
582 1958 921 2015 Interpretandi,
965 1958 1082 2013 quod
1123 1971 1213 1998 11011
1254 1960 1399 2012 potest
1430 1958 1572 2014 gratia
1621 1959 1777 2014 prioris

138 2032 286 2065 another.
364 2031 527 2087 linguae
558 2028 723 2071 servari
753 2027 801 2068 in
832 2026 1070 2084 posteriori.
1134 2025 1263 2076 Nam,
1295 2030 1347 2067 ut
1379 2026 1442 2067 ait
1465 2026 1775 2082 Hieronymus,

365 2113 462 2141 cum
497 2097 743 2140 Homerum
773 2096 884 2138 velis
916 2096 964 2136 in
1006 2095 1204 2150 linguam
1235 2097 1481 2136 maternam
1525 2099 1776 2138 convertere

363 2167 536 2209 videbis
586 2165 822 2207 ridiculum
885 2167 930 2205 et
991 2167 1169 2219 poetam
1232 2163 1636 2218 eloquentissimum
1698 2164 1776 2206 vix

362 2237 597 2293 loquacem.
663 2234 793 2286 Quod
846 2233 1031 2288 quilibet
1073 2235 1220 2288 potest
1277 2232 1475 2288 experiri,
1520 2233 1556 2274 si
1592 2234 1776 2290 logicam

363 2305 435 2347 vel
478 2304 820 2361 grammaticam,
873 2303 945 2344 vel
996 2301 1117 2343 aliud
1164 2301 1279 2356 quod
1333 2301 1488 2343 didicit
1530 2302 1578 2342 in
1626 2302 1776 2358 lingua

366 2374 539 2423 Latina,
582 2372 692 2413 velit
731 2372 778 2412 in
819 2371 1015 2426 linguam
1063 2370 1207 2425 gentis
1254 2384 1343 2411 suae
1395 2373 1576 2413 mutare.
1658 2370 1775 2411 Nam

364 2442 608 2499 proprietas
665 2440 797 2481 unius
855 2453 944 2480 non
988 2438 1221 2479 concordat
1277 2452 1375 2478 cum
1427 2438 1524 2490 alia,
1569 2441 1613 2479 et
1658 2439 1775 2492 quod

367 2511 531 2567 optime
562 2511 690 2550 sonat
724 2507 772 2548 in
806 2521 907 2558 una,
941 2506 1126 2562 pessime
1157 2505 1229 2547 vel
1261 2505 1373 2546 nihil
1399 2506 1514 2561 sapit
1547 2506 1594 2547 in
1625 2507 1774 2557 altera,

367 2581 479 2623 sicut
520 2576 803 2619 manifestum
845 2578 911 2617 est
958 2574 1046 2615 illis
1098 2574 1174 2629 qui
1216 2573 1425 2615 Latinum
1469 2578 1513 2616 et
1555 2578 1774 2617 maternas

365 2649 539 2704 linguas
570 2652 800 2697 noverunt,
840 2648 885 2687 et
937 2658 981 2685 se
1026 2642 1381 2684 exercitaverunt
1422 2643 1468 2684 in
1510 2643 1589 2685 hac
1636 2648 1771 2700 parte.

761 2862 768 2880 ¹
787 2860 1018 2903 Hieronymus]
1048 2859 1109 2892 See
1126 2860 1239 2897 above,
1258 2869 1287 2900 p.
1307 2863 1360 2891 90.
