1964 3259
156 868 247 910 Why
266 868 338 900 wls-

156 914 233 944 dom
250 913 277 944 is

154 959 290 990 courted
306 959 351 1002 by

157 1003 209 1035 all.

378 255 463 296 394
879 261 1049 293 accras
1092 260 1287 291 mcoms
1663 248 1779 302 [mr.

436 381 655 433 Quoniam
700 395 803 422 vero
851 380 1047 421 homines
1095 378 1330 434 negligunt
1374 375 1646 418 considerare
1691 375 1783 417 haec

375 454 577 506 quatuor,
609 453 654 492 et
700 464 869 505 semper
914 449 983 490 his
1030 448 1188 504 spretis
1251 446 1410 488 volunt
1463 443 1636 500 ingredi
1688 443 1784 484 vias

375 519 616 575 sapientiae,
669 521 715 560 et
758 520 1032 574 praesumunt
1075 515 1297 572 magnalia
1344 513 1438 569 ejus
1489 512 1652 564 rimari,
1705 526 1785 554 nec

376 588 535 630 volunt
580 587 766 629 verbum
797 601 876 628 nec
920 586 1133 642 seriphum
1180 585 1234 626 de
1282 583 1351 624 his
1396 585 1588 638 quatuor
1633 581 1786 622 audire

376 657 447 699 vel
492 656 655 709 videre,
718 656 818 697 ideo
881 655 1028 696 nullus
1073 654 1163 696 fere
1215 651 1420 709 pervenit
1473 650 1529 693 ad
1592 650 1786 706 aliquam

379 726 617 782 Sapientiae
670 725 946 781 dignitatem.
1028 722 1330 765 Necessarium
1372 720 1509 777 igitur
1545 720 1694 776 Judico
1736 721 1789 760 ut

378 796 470 838 haec
501 798 689 850 quatuor
720 794 1040 836 consideremus
1072 792 1119 833 in
1150 791 1375 848 principio.

439 863 594 906 Causze
625 877 730 905 vero
762 866 807 905 et
838 862 1030 904 rationes
1061 861 1192 917 primi
1224 860 1381 901 horum
1414 861 1602 914 quatuor
1633 859 1790 913 patent

379 933 426 975 iu
458 948 628 974 summa
658 947 736 989 per
779 935 980 987 quatuor,
1028 930 1237 971 videlicet
1279 943 1356 984 per
1398 927 1646 970 naturalem
1694 941 1788 982 per-

380 1002 643 1058 petuitatem
684 1000 872 1042 hominis
912 1002 1112 1056 respectu
1153 997 1390 1054 sapientiae.
1465 995 1628 1038 Omnes
1672 995 1791 1037 enim

382 1071 589 1121 homines,
614 1073 664 1111 ut
691 1068 954 1111 Aristoteles
986 1068 1093 1109 dicit
1124 1067 1170 1108 in
1202 1066 1416 1123 principio
1446 1063 1790 1122 Metaphysicae)

383 1145 406 1162 ‘⁶
439 1140 614 1181 Natura
665 1138 771 1180 scire
822 1135 1110 1179 desiderant.'’
1174 1135 1229 1176 In
1281 1135 1362 1177 hoc
1413 1134 1530 1176 enim
1575 1134 1722 1175 differt
1767 1147 1794 1173 a

382 1208 525 1251 brutis
556 1206 809 1249 differentia
839 1205 1043 1247 naturali.

444 1276 732 1319 Pulchritudo
780 1275 914 1317 etiam
947 1273 1175 1330 sapientiae
1216 1272 1455 1315 ineffabilis
1496 1271 1632 1313 habet
1664 1273 1792 1313 natu-

384 1347 535 1389 raliter
576 1349 629 1387 ut
659 1345 789 1401 plena
820 1343 1111 1385 admiratione
1144 1341 1315 1383 animos
1347 1344 1520 1384 nostros
1552 1339 1719 1382 alliciat
1750 1343 1794 1381 et

385 1415 631 1472 suspendat.
710 1413 899 1456 Utilitas
931 1411 1024 1468 ejus
1068 1414 1223 1467 suapte
1271 1414 1435 1452 natura
1466 1409 1683 1452 indicibili
1715 1423 1794 1450 nos

385 1485 502 1541 rapit
532 1485 579 1525 in
611 1498 738 1525 suum
770 1496 972 1523 amorem.
1035 1479 1369 1536 Magnificentia
1400 1479 1492 1535 ejus
1525 1482 1569 1520 et
1591 1478 1796 1534 dignitas,

387 1554 552 1596 virtuto
584 1551 771 1603 infinita,
804 1565 884 1593 nos
915 1549 1031 1606 cogit
1063 1549 1156 1604 ejus
1187 1548 1387 1604 vestigiis
1421 1547 1652 1598 adhaerere,
1686 1546 1799 1588 sicut

388 1638 411 1665 e
462 1621 679 1664 contrario
723 1619 976 1676 ignorantia
1022 1617 1115 1674 ejus
1161 1617 1341 1658 animali
1383 1616 1602 1668 rationali,
1646 1615 1692 1656 id
1733 1617 1800 1656 est

388 1691 567 1742 homini,
606 1688 866 1731 innaturalis
907 1690 1003 1740 est;
1046 1686 1150 1742 quia
1191 1685 1332 1727 omnis
1374 1684 1624 1741 ignorantia
1665 1698 1691 1724 a
1731 1698 1799 1725 ra-

390 1761 510 1802 tione
543 1758 704 1810 deviat,
735 1760 779 1800 et
809 1756 1040 1813 turpitudo
1072 1754 1227 1797 erroris
1258 1757 1324 1797 est
1354 1753 1589 1806 horribilis,
1621 1752 1800 1808 ejusque

390 1828 599 1871 sterilitas
646 1830 712 1869 est
755 1826 882 1868 nobis
924 1824 1204 1876 infructuosa,
1248 1823 1467 1874 damnosa,
1512 1825 1558 1865 et
1600 1820 1801 1878 periculis

391 1897 594 1940 omnibus
644 1910 725 1937 nos
778 1894 1015 1950 implicans.
1083 1892 1331 1948 Vilitasquc
1383 1890 1663 1948 indignitatis
1710 1890 1802 1945 ejus

392 1967 614 2009 hominem
646 1963 765 2007 omni
796 1964 947 2020 vigore
980 1965 1024 2004 et
1054 1962 1217 2004 honore
1260 1960 1476 2012 destituit,
1509 1963 1554 2002 et
1584 1958 1803 2001 annihilat

392 2036 530 2078 totius
571 2033 755 2076 humani
786 2032 957 2089 generis
989 2032 1265 2087 dignitatem.
1328 2029 1547 2085 Quicquid
1577 2028 1695 2070 enim
1726 2042 1803 2069 na-

394 2104 537 2147 turale
581 2102 751 2145 homini
798 2105 875 2152 est,
923 2100 1131 2157 quicquid
1173 2100 1390 2151 decorum,
1434 2097 1641 2154 quicquid
1683 2096 1804 2149 utile,

395 2172 604 2229 quicquid
634 2171 928 2228 magnificum,
961 2184 1038 2212 seu
1078 2169 1125 2209 in
1168 2169 1249 2210 hac
1289 2166 1484 2217 materia,
1518 2181 1594 2209 seu
1625 2166 1672 2207 in
1704 2166 1804 2219 alia,

395 2246 541 2284 totum
584 2241 704 2282 valet
755 2255 831 2295 per
883 2238 1143 2294 sapientiam
1194 2236 1394 2293 acquiri;
1442 2238 1487 2277 et
1538 2235 1805 2277 contrarium

395 2325 512 2352 nunc
559 2309 687 2351 dictis
738 2322 814 2364 per
865 2308 960 2350 vias
1007 2305 1234 2363 sapientiae
1277 2304 1527 2347 excluditur
1578 2303 1807 2346 efficaciter

398 2383 443 2420 et
473 2381 684 2434 potenter.

459 2447 583 2487 Adeo
635 2448 764 2487 tanta
814 2444 994 2485 virtutis
1045 2446 1111 2484 est
1162 2442 1385 2498 sapientia,
1440 2440 1557 2496 quod
1609 2440 1807 2482 homines

402 2515 595 2573 perversi
649 2517 694 2555 et
745 2513 1003 2569 insipientes
1056 2510 1193 2561 corde,
1238 2510 1313 2565 qui
1356 2513 1547 2565 quatuor
1598 2509 1808 2565 praedicta

403 2586 518 2627 dona
569 2581 846 2639 sapientialia
897 2581 1104 2622 nituntur
1155 2579 1381 2634 adquirere
1436 2593 1514 2633 per
1563 2577 1659 2619 via-s
1709 2592 1808 2619 con—

408 2653 567 2697 trarias
613 2650 855 2708 sapientiae,
904 2652 1050 2692 tamen
1102 2647 1183 2690 sub
1231 2646 1370 2703 specie
1414 2645 1519 2701 ejus,
1572 2649 1617 2687 et
1658 2645 1805 2698 titulo,

921 2862 928 2882 ¹
946 2861 1199 2906 flletapltysicoe]
1219 2861 1238 2894 i.
1260 2864 1287 2893 1.
