1964 3259
389 279 474 321 354
897 288 1067 320 Rosam
1097 286 1292 320 BAcoms

382 396 517 453 phem
550 397 626 450 ibi,
659 400 703 440 et
745 397 977 440 constituit
1012 398 1273 440 cuniculum.
1337 398 1397 440 Et
1428 398 1703 456 chirogrillus
1720 401 1800 441 est

390 465 603 519 Graecum,
648 467 766 523 quod
808 466 967 508 Latine
1009 467 1235 508 cuniculus
1277 467 1449 509 dieitur.
1514 468 1575 509 Et
1617 467 1800 509 Provin-

389 535 532 588 ciales,
567 550 616 577 ac
659 535 905 588 Tholosani‚
945 539 990 577 et
1033 536 1186 578 multae
1224 536 1427 578 nationes
1471 536 1643 579 Latinae
1685 536 1804 578 cuni-

390 604 537 645 culum
558 607 719 646 Vocant
741 604 1049 661 chirogrillum,
1073 605 1175 646 licet
1207 605 1255 646 in
1286 605 1553 661 aspiratione
1584 605 1803 647 deficiunt.

393 672 547 714 Glossa
595 673 744 729 igitur,
788 687 886 729 quae
927 673 1035 714 dicit
1077 673 1194 729 quod
1228 673 1501 730 chirogrillus
1537 676 1602 716 est
1642 673 1807 715 animal

390 741 626 797 spinosum,
670 746 715 784 et
764 756 916 799 rapa&
960 745 1005 784 et
1051 741 1337 794 mortiferum,
1381 743 1495 785 male
1536 743 1654 785 dicit,
1718 742 1806 785 Sed

391 810 575 867 pessime
618 811 782 863 dicunt,
821 811 898 866 qui
938 814 1109 866 ponunt
1152 811 1222 853 hic
1258 812 1451 868 quinque
1485 811 1711 869 opiniones
1753 811 1806 852 de

393 879 652 936 chirogrillo,
695 879 807 921 sicut
848 879 1018 935 publice
1061 879 1224 921 dicitur
1266 880 1460 922 Parisius
1502 895 1600 922 cum
1647 879 1807 936 legitur

395 947 488 989 Lex
530 947 687 1003 Moysi,
725 951 777 990 ut
818 948 1004 1004 propriis
1045 948 1225 990 auribus
1261 949 1461 1005 percepi;
1499 952 1544 990 et
1580 963 1658 1005 ego
1700 952 1807 990 tunc

394 1016 489 1057 dixi
519 1016 672 1058 lectori
705 1017 822 1071 quod
857 1020 1046 1072 quatuor
1077 1017 1253 1058 illarum
1287 1021 1413 1059 erant
1443 1016 1573 1068 falsae,
1608 1031 1657 1059 eo
1690 1016 1807 1073 quod

394 1085 667 1140 chirogrillus
693 1099 784 1125 non
804 1087 949 1140 potest
978 1099 1068 1126 esse
1089 1086 1175 1126 nisi
1203 1085 1366 1127 animal
1393 1086 1524 1128 unius
1552 1086 1734 1142 speciei3
1764 1087 1809 1127 et

394 1168 543 1195 omnes
576 1157 704 1195 erant
725 1153 857 1204 salsae,
882 1153 985 1208 quia
1009 1153 1130 1195 nulla
1161 1168 1310 1195 earum
1331 1155 1480 1210 posuit
1511 1154 1807 1211 chirogrillum

394 1222 656 1265 cuniculum.

170 1311 358 1352 Ignorance
456 1292 560 1333 Non
605 1305 782 1347 possum
828 1291 898 1332 hic
944 1290 1236 1346 multiplicare
1283 1290 1483 1347 exempla
1517 1294 1701 1347 propter
1741 1305 1809 1332 ac·-

171 1356 278 1432 ἓξὲξ
398 1360 703 1402 celerationem
733 1359 914 1415 negotii,
938 1363 983 1401 et
1006 1359 1110 1415 quia
1138 1362 1285 1401 totum
1320 1359 1437 1415 quod
1470 1363 1628 1402 vestrae
1659 1358 1810 1416 gloriae

191 1419 210 1431 ‘⁸
275 1425 280 1431 ’
399 1429 530 1471 mitto
586 1432 652 1470 est
697 1428 900 1484 quaedam
946 1428 1166 1484 persuasio
1209 1428 1532 1484 praegustanda,
1571 1442 1708 1484 usque
1754 1427 1812 1469 ad

399 1498 610 1554 scriptum
644 1497 896 1554 principale,
928 1497 975 1537 in
1014 1511 1100 1552 quo
1135 1497 1281 1538 decem
1318 1497 1511 1553 septerni
1542 1496 1694 1553 magni
1726 1510 1815 1537 non

397 1566 676 1607 continerent
712 1565 914 1620 exempla
955 1579 1151 1606 errorum
1192 1565 1239 1606 in
1273 1579 1402 1607 sensu
1443 1565 1617 1615 literali,
1651 1569 1697 1607 et
1738 1579 1814 1621 per

397 1649 663 1689 consequens
694 1634 742 1674 in
777 1633 1008 1688 spirituali,
1041 1636 1221 1689 propter
1262 1634 1559 1689 ignorantiam
1594 1634 1735 1675 Graeci
1768 1637 1813 1674 et

400 1703 591 1744 Hebraei.
657 1702 744 1743 Sed
780 1716 870 1742 non
907 1702 1047 1742 solum
1071 1705 1250 1757 propter
1290 1702 1371 1743 hoc
1407 1704 1581 1742 erratur
1620 1701 1812 1743 multum

402 1772 450 1812 in
491 1772 559 1812 his
605 1770 817 1821 sensibus,
861 1770 936 1811 sed
973 1770 1107 1811 etiam
1149 1760 1329 1826 propter
1360 1769 1574 1812 vocabula
1628 1770 1815 1821 Latina3

402 1855 506 1881 nam
547 1840 596 1880 in
638 1839 837 1895 Epistola
880 1838 1156 1893 Hieronymi,
1204 1853 1302 1894 quae
1344 1853 1462 1879 nunc
1503 1842 1555 1880 ut
1602 1838 1815 1894 Prologus

402 1908 676 1966 praeponitur
719 1907 959 1963 exemplari
990 1907 1186 1963 vulgato,
1227 1910 1272 1949 et
1313 1907 1475 1963 legitur
1519 1921 1617 1948 cum
1657 1907 1813 1957 Biblia,

400 1980 456 2019 fit
496 1977 662 2019 mentio
695 1977 748 2018 de
789 1990 940 2017 mensa
971 1976 1084 2027 solis,
1123 1990 1256 2031 quam
1289 1976 1558 2032 expositores
1593 1976 1817 2018 aestimant

403 2062 494 2088 esse
526 2061 660 2087 unam
692 2045 891 2087 tabulam
924 2059 1102 2086 auream
1133 2045 1360 2086 inventam
1396 2045 1445 2085 in
1478 2045 1590 2085 mari
1622 2059 1648 2086 a
1679 2045 1815 2100 pisca-

403 2115 582 2166 toribus,
616 2115 669 2156 (le
701 2128 787 2169 qua
819 2114 971 2155 scribit
1005 2113 1205 2154 Valerius
1238 2113 1461 2154 Maximus
1492 2113 1604 2154 libro
1636 2116 1815 2168 quart03

405 2199 537 2240 quam
583 2184 834 2225 inventores
886 2183 1100 2223 miserunt
1142 2182 1342 2238 Apollini
1385 2182 1433 2223 in
1479 2181 1614 2224 Delos
1659 2181 1815 2233 insula,

406 2257 452 2295 et
497 2252 794 2308 quaesiverunt
840 2251 910 2292 cui
954 2251 1144 2292 daretur.
1215 2251 1312 2302 Quo
1354 2250 1653 2306 respondente,
1699 2249 1817 2306 quod

406 2322 580 2362 Thaleti
607 2320 791 2369 Milesio,
815 2319 890 2374 qui
919 2319 1004 2360 fuit
1032 2319 1199 2375 primus
1232 2319 1285 2360 (le
1315 2319 1492 2374 Septem
1522 2318 1814 2374 Sapientibus‚

406 2389 480 2429 ille
511 2392 690 2443 propter
720 2387 1016 2428 humilitatem
1050 2401 1264 2440 recusans,
1299 2387 1421 2428 misit
1457 2387 1585 2428 alteri
1627 2386 1680 2427 de
1722 2400 1815 2441 sep-

408 2460 510 2508 tem,
549 2460 595 2497 et
639 2455 853 2497 secundus
893 2455 1037 2507 tertio,
1070 2470 1206 2510 usque
1248 2455 1450 2496 Solonem
1487 2454 1815 2507 Atheniensem,

410 2526 486 2581 qui
516 2524 760 2566 transmisit
791 2523 999 2578 Apollini.
1064 2523 1192 2564 Certe
1223 2523 1314 2564 haec
1345 2537 1494 2564 mensa
1523 2537 1613 2564 non
1645 2525 1710 2564 est
1740 2523 1819 2564 illa

409 2596 462 2637 de
504 2608 591 2650 qua
621 2593 818 2648 loquitur
850 2591 1150 2646 Hieronymus
1181 2592 1229 2632 in
1265 2590 1449 2647 epistola
1478 2591 1695 2647 praedicta,
1739 2606 1818 2634 nec

410 2664 599 2706 sumitur
630 2663 686 2703 ad
715 2661 889 2703 literam
920 2660 968 2701 in
998 2660 1175 2716 propria
1203 2659 1476 2716 figuratione,
1510 2660 1586 2702 sed
1617 2660 1664 2701 in
1695 2663 1815 2702 tran-

410 2732 608 2789 sumptis.
672 2730 790 2772 Nam
821 2744 972 2771 mensa
1002 2729 1102 2771 solis
1134 2732 1199 2770 est
1230 2729 1300 2770 hic
1327 2728 1459 2785 plaga
1494 2729 1738 2770 meridiana
1768 2729 1817 2770 in

410 2817 497 2860 qua
519 2801 654 2844 currit
685 2800 759 2842 sol.
824 2799 954 2841 Hanc
979 2799 1095 2840 enim
1127 2802 1298 2855 partem
1329 2798 1549 2839 vocabant
1569 2798 1815 2855 philosophi

409 2888 604 2916 mensam
648 2871 760 2923 solis,
810 2870 914 2926 quia
961 2883 1129 2927 semper
1173 2873 1240 2911 est
1280 2868 1336 2910 ad
1379 2868 1617 2910 meridiem.
1682 2866 1816 2909 Unde
