1964 3259
136 1282 208 1315 The
225 1283 314 1325 body

134 1328 173 1358 of
180 1328 293 1359 Adam
306 1328 341 1359 in

135 1372 292 1404 Pal-adise

133 1421 192 1448 not
201 1417 341 1459 entirely

134 1460 303 1492 harmoni-

135 1515 194 1537 ous
210 1506 245 1537 in
262 1506 303 1538 its

134 1550 302 1583 elementa

364 262 449 309 370
872 273 1040 305 nocam
1073 272 1267 306 BAcoNis

363 396 408 434 et
439 391 761 434 nobilissimum
791 392 838 433 in
869 393 1011 435 mixto
1043 407 1181 434 unum
1214 392 1408 434 mixtum
1441 394 1517 435 est.
1579 392 1638 435 Et
1670 392 1769 434 ideo

361 461 516 503 habita
560 461 812 517 aequalitate
865 460 1047 517 quiescit
1100 458 1353 518 appetitus¹
1394 460 1601 503 materiae.
1685 460 1772 503 Sed

360 530 500 572 forma
541 545 638 586 quae
679 529 850 586 perficit
893 530 1143 586 appetitum
1175 530 1372 572 materiae
1413 544 1502 572 non
1533 531 1680 586 potest
1717 529 1772 570 ab

363 614 413 642 ea
434 598 634 655 separari,
656 613 735 641 nec
755 598 894 639 forma
915 598 1037 640 coeli²
1059 613 1157 655 quae
1188 602 1329 641 totam
1360 599 1606 655 potentiam
1637 600 1775 641 mate-

361 667 439 710 riae
472 667 673 723 complet.
716 666 849 709 Unde
880 667 929 708 in
959 667 1113 709 mixtis
1144 668 1273 710 rebus
1301 667 1418 709 idem
1450 670 1516 709 est
1545 665 1775 723 aequalitas

363 736 678 778 elementorum
709 735 948 777 secundum
995 736 1232 791 qualitates
1277 736 1395 792 quod
1425 736 1566 778 forma
1596 735 1695 777 coeli
1726 735 1774 776 in

363 804 624 847 coelestibus.
707 803 770 845 Et
821 803 921 846 ideo
973 804 1151 860 quando
1199 805 1417 847 elementa
1478 804 1666 846 veniunt
1718 803 1773 845 ad

363 873 665 929 aequalitatem
694 873 808 914 hanc
839 873 981 915 omnis
1013 873 1234 929 appetitus
1266 873 1462 916 materiae
1496 873 1774 915 elementaris

365 942 549 998 quiescit
581 944 625 984 et
661 942 911 998 completur.
975 942 1035 984 Et
1066 942 1165 984 ideo
1197 942 1394 984 aufertur
1426 941 1589 983 occasio
1622 941 1773 997 agenti

365 1013 411 1052 et
452 1009 642 1067 patienti
683 1012 728 1051 et
773 1024 882 1066 opus
928 1010 1310 1052 transmutationis
1350 1013 1395 1052 et
1440 1009 1769 1066 deperditionis,

363 1093 467 1120 nam
518 1081 623 1120 tunc
667 1077 857 1119 calidum
900 1092 991 1120 non
1038 1082 1184 1134 potest
1228 1093 1357 1134 super
1399 1078 1622 1134 frigidum,
1669 1077 1773 1134 quia

363 1149 565 1202 aequatur
596 1146 646 1196 ei,
681 1159 759 1187 nec
789 1145 1022 1187 humidum
1054 1160 1185 1202 super
1217 1146 1388 1188 siccum.
1444 1146 1532 1188 Sed
1554 1145 1652 1188 ideo
1683 1160 1773 1187 non

362 1218 506 1271 potest
538 1229 628 1257 esse
659 1214 846 1256 victoria
877 1214 955 1256 ubi
987 1228 1077 1256 non
1109 1218 1176 1256 est
1208 1229 1367 1271 pugna.

423 1284 539 1326 Item
591 1298 670 1325 nec
718 1285 937 1339 appetunt
980 1282 1212 1324 victoriam
1264 1285 1443 1339 propter
1494 1282 1772 1324 nobilitatem

362 1352 627 1409 {equalitatis
655 1352 703 1393 in
724 1366 811 1408 qua
833 1350 1166 1393 conformantur
1187 1354 1232 1393 et
1260 1351 1532 1393 reducuntur
1563 1350 1619 1392 ad
1649 1350 1773 1392 nobi-

360 1421 577 1462 lissimum
609 1423 775 1463 statum
822 1435 984 1473 eorum,
1038 1423 1084 1462 et
1126 1419 1174 1461 in
1226 1434 1312 1476 quo
1359 1419 1544 1475 quiescit
1589 1419 1774 1461 materia

362 1489 648 1532 elementaris.
711 1488 857 1530 Adam
880 1503 984 1531 vero
1006 1488 1053 1529 in
1076 1491 1197 1530 statu
1218 1488 1483 1530 innocentiae
1506 1502 1594 1530 non
1616 1488 1773 1529 habuit

362 1559 661 1615 aequalitatem
704 1557 877 1613 plenam
932 1557 1256 1607 elementorum7
1303 1557 1408 1612 quia
1438 1556 1634 1613 indiguit
1677 1556 1773 1598 cibo

362 1626 472 1682 ligni
502 1626 619 1677 vitze,
655 1625 708 1666 de
741 1640 826 1680 quo
859 1625 895 1667 si
926 1639 1017 1666 non
1067 1627 1286 1681 gustasset
1319 1625 1550 1677 deficeret;
1597 1628 1642 1666 et
1673 1624 1772 1666 ideo

362 1697 629 1751 praeceptum
649 1693 734 1736 fuit
757 1693 796 1735 ei
823 1693 940 1748 quod
961 1693 1218 1735 comederet.
1284 1692 1417 1735 Unde
1439 1706 1572 1749 prope
1594 1693 1770 1749 aequali-

363 1767 502 1806 tatem
533 1763 617 1804 fuit
648 1762 739 1818 ejus
771 1761 1034 1817 complexim
1067 1776 1164 1816 quae
1197 1775 1295 1802 cum
1327 1760 1604 1817 perficeretur
1633 1761 1772 1816 gloria

363 1833 488 1874 fieret
535 1831 712 1873 omnino
745 1829 940 1886 aequalis,
1027 1829 1193 1871 Beatus
1238 1829 1516 1885 Augustinus
1548 1832 1592 1871 et
1624 1843 1773 1871 omnes

362 1900 624 1942 concordant
655 1898 771 1954 quod
802 1897 959 1939 habuit
991 1911 1144 1953 corpus
1177 1898 1377 1948 animale,
1402 1898 1517 1953 quod
1550 1897 1773 1940 defecisset

363 1969 399 2011 si
430 1983 519 2011 non
549 1967 776 2009 habuisset
807 1981 929 2008 esum
967 1966 1077 2022 ligni
1109 1966 1223 2008 Vitae.
1301 1966 1433 2008 Unde
1464 1966 1772 2008 immortalitas

365 2052 442 2080 sua
473 2052 551 2094 per
581 2051 702 2079 esum
733 2035 901 2078 fructus
933 2037 1040 2076 nata
1071 2034 1157 2076 fuit
1199 2035 1457 2076 conservari.
1524 2034 1634 2076 Cum
1669 2049 1771 2090 ergo

363 2107 516 2148 fuisset
547 2104 789 2162 deperditio
810 2104 859 2145 in
880 2118 929 2145 eo
951 2103 1027 2159 qui
1057 2118 1135 2159 per
1163 2117 1283 2145 esum
1315 2103 1537 2144 fructuum
1567 2103 1772 2159 paradysi

364 2175 599 2217 restaurari
641 2171 869 2223 debuisset,
918 2175 962 2214 et
1007 2170 1269 2227 hujusmodi
1304 2171 1530 2213 dissolutio
1573 2186 1662 2213 non
1706 2175 1771 2213 est

361 2244 447 2285 nisi
490 2258 567 2300 per
615 2242 831 2284 actionem
877 2241 1190 2282 elementorum
1234 2254 1325 2282 sese
1375 2239 1672 2291 alterantium,
1726 2243 1771 2282 et

363 2311 456 2353 haec
506 2311 621 2353 actio
667 2324 758 2352 non
810 2308 940 2351 divisi
976 2323 1052 2364 per
1095 2308 1442 2364 inaequalitatem
1492 2308 1768 2363 qualitatum,

365 2382 580 2435 quantum
624 2379 681 2419 ad
727 2377 916 2419 virtutes
959 2391 1107 2418 earum
1152 2379 1196 2418 et
1239 2376 1460 2432 potentias
1512 2376 1678 2417 activas
1725 2379 1769 2417 et

364 2448 571 2505 passivas,
604 2445 885 2488 manifestum
918 2449 983 2487 est
1015 2446 1130 2500 quod
1161 2459 1250 2486 non
1271 2445 1357 2486 fuit
1380 2445 1426 2485 in
1457 2459 1507 2486 eo
1539 2443 1767 2499 aequalitas

363 2517 577 2568 istarum3
609 2530 689 2556 nec
720 2514 948 2570 aequalitas
979 2513 1182 2569 ponderis
1213 2513 1361 2568 potuit
1393 2527 1493 2564 esse,
1516 2527 1654 2567 neque
1687 2513 1764 2554 sci-

363 2587 463 2628 licet
485 2585 723 2627 secundum
743 2586 949 2625 naturam
971 2581 1115 2638 gravis
1148 2584 1191 2622 et
1221 2581 1340 2633 levis,
1363 2595 1503 2637 neque
1529 2581 1765 2623 secundum

364 2657 661 2714 quantitatem
692 2653 957 2712 aequalitatis
977 2669 987 2706 3
1035 2667 1135 2709 ergo
1166 2652 1287 2694 nulla
1317 2652 1545 2708 aequalitas
1575 2652 1660 2694 fuit
1690 2652 1764 2703 ibi,

410 2899 417 2917 ¹
435 2898 614 2941 appetitus]
642 2895 811 2939 appetitas,
836 2893 910 2928 MS.
1073 2891 1081 2937 Ι
1144 2892 1156 2910 ²
1171 2889 1258 2933 coeli]
1277 2889 1326 2932 δεῖ,
1344 2890 1419 2922 MS·
