1964 3259
779 274 894 305 orus
925 273 1083 304 MINUS.
1546 260 1630 307 375

230 388 383 431 unicus
439 390 514 446 qui
573 389 727 431 saltem
789 388 944 431 leviter
1006 387 1177 429 curabit
1221 390 1266 429 et
1316 419 1615 430 ........
1620 387 1630 410 ¹

229 593 388 648 partim
421 595 523 634 sunt
554 594 657 647 apta
688 594 869 647 argento
896 594 940 633 et
971 604 1115 647 cupro,
1148 590 1333 633 formam
1358 592 1506 632 tamen
1537 589 1632 632 auri
1651 597 1744 631 Trial
1760 600 1798 632 of

229 660 444 716 recipiunt
489 660 563 701 secl
605 659 920 715 incompletain,
953 674 1031 701 nec
1077 661 1142 701 est
1188 661 1356 701 coctum
1388 658 1633 701 decoctione
1649 645 1816 722 ffiffflssial

230 743 326 784 quae
359 728 540 770 debetur
571 743 676 769 auro
717 727 918 784 perfecto,
952 728 1027 769 sed
1059 742 1155 783 quae
1197 728 1244 768 in
1275 730 1399 783 parte
1431 727 1631 783 congruit
1651 733 1736 774 gold.

230 799 412 852 argento
443 800 486 838 et
527 811 668 852 cupro.
732 796 791 838 Et
832 811 908 852 pro
950 799 1075 838 tanto
1128 795 1290 837 dicitur
1330 795 1439 837 illud
1480 810 1632 837 aurum

231 865 388 907 habere
439 865 599 920 gradus
651 864 818 919 aliquos
871 864 1043 921 argenti
1094 864 1166 906 vel
1209 865 1342 920 cupri,
1396 864 1460 905 ita
1519 865 1635 919 quod

230 947 387 974 aurum
418 934 606 988 quatuor
635 933 849 988 graduum
881 932 939 974 sit
971 932 1187 988 optimum
1219 932 1335 987 quod
1365 934 1512 988 potest
1543 932 1638 973 fieri

231 1015 308 1056 per
358 1003 571 1042 naturam„
635 1000 722 1043 Sed
769 1015 924 1042 aurum
969 1015 1046 1056 per
1089 1000 1403 1056 magisterium,
1436 1002 1488 1041 ut
1533 1000 1640 1041 dicit

231 1068 469 1119 Avicenna,
519 1068 630 1110 libro
679 1069 746 1110 De
790 1068 965 1120 Anima,
1008 1071 1074 1111 est
1117 1068 1271 1110 melius
1314 1068 1517 1110 naturali.
1580 1067 1640 1109 Et

231 1137 432 1178 similiter
478 1140 544 1179 est
590 1152 750 1193 magna
795 1137 1044 1179 differentia
1087 1136 1204 1178 inter
1249 1136 1402 1178 modos
1443 1136 1541 1177 auri
1587 1135 1640 1177 de

232 1204 492 1261 magisterio,
538 1208 582 1246 et
626 1205 841 1261 optimum
885 1208 951 1247 est
994 1205 1110 1260 quod
1148 1204 1201 1246 fit
1248 1219 1324 1260 per
1368 1203 1479 1245 illud
1526 1204 1641 1259 quod

234 1276 298 1314 est
329 1273 508 1328 aequalis
540 1273 860 1329 complexionis.
925 1273 985 1314 Et
1017 1273 1248 1329 prolongat
1278 1272 1448 1324 Vitam3
1480 1272 1643 1314 scilicet

233 1342 285 1382 de
317 1341 384 1382 his
415 1341 555 1382 factus
586 1344 653 1383 est
674 1355 812 1382 sermo
845 1340 964 1397 prius
995 1341 1076 1383 sub
1107 1341 1354 1396 aenigmate,
1387 1342 1439 1381 ut
1469 1339 1642 1396 planius

234 1410 292 1451 sit
323 1409 369 1449 in
401 1412 525 1465 parte
556 1409 713 1450 ultima
744 1411 961 1451 tractatus
1002 1423 1092 1450 non
1123 1408 1263 1451 solum
1294 1408 1516 1465 generatio
1548 1408 1643 1449 auri

234 1481 279 1519 et
321 1477 607 1533 proprietates
654 1478 875 1519 naturales
920 1479 965 1518 et
1002 1477 1206 1518 conflatio
1258 1491 1307 1518 ac
1353 1475 1642 1532 proprietates

234 1549 278 1587 et
321 1545 482 1601 species
526 1545 789 1587 considerari
834 1545 972 1595 dictae,
1012 1545 1087 1586 sed
1130 1544 1331 1600 probatio
1376 1543 1469 1598 ejus
1512 1547 1642 1595 certa,

235 1627 371 1654 unum
404 1613 520 1654 enim
552 1615 619 1654 est
652 1613 769 1667 quod
816 1612 1016 1668 probatio
1056 1612 1281 1668 colligitur
1312 1611 1447 1667 ipsius
1492 1611 1645 1652 multis

234 1681 382 1723 modis.
446 1680 563 1723 Nam
596 1681 800 1723 conflatio
831 1680 937 1723 facit
969 1681 1025 1722 ad
1053 1680 1134 1722 hoc
1155 1683 1200 1722 et
1231 1679 1502 1736 operationes
1530 1679 1642 1734 ejus3

235 1749 338 1804 quia
369 1763 446 1805 per
477 1749 753 1805 operationes
784 1749 1026 1805 probantur
1056 1763 1131 1791 res.
1196 1748 1256 1790 Et
1287 1748 1353 1790 ita
1383 1751 1644 1790 mercatores

233 1817 330 1858 auri
362 1817 527 1859 habent
549 1832 646 1860 suas
678 1817 958 1873 probationes
980 1831 1057 1873 per
1078 1819 1217 1859 cotem
1248 1816 1321 1857 vel
1350 1829 1427 1871 per
1457 1818 1644 1858 carectes

234 1885 331 1926 auri
363 1887 420 1926 ad
450 1885 531 1927 hoc
562 1885 708 1934 factas,
743 1888 795 1927 ut
826 1885 987 1927 sciatur
1013 1887 1121 1940 quot
1151 1883 1366 1940 graduum
1393 1883 1501 1934 auri,
1535 1887 1644 1938 quot

234 1953 417 2008 argenti,
451 1955 496 1995 et
531 1957 638 2008 quot
670 1953 803 2009 cupri,
834 1953 905 1995 vel
944 1953 1136 1994 habeant
1167 1965 1315 1993 omnes
1345 1951 1506 2007 gradus
1536 1952 1641 1992 auri.

236 2018 491 2076 Speci'aliter
537 2022 686 2062 tamen
738 2021 864 2062 docet
915 2020 1141 2062 Avicenna
1193 2019 1443 2061 examinare
1494 2033 1641 2061 omnes

235 2088 385 2129 modos
428 2087 524 2130 auri
571 2089 680 2144 puri.
744 2088 864 2130 Dicit
907 2088 1046 2144 igitur
1089 2088 1242 2143 quinto
1285 2087 1397 2128 libro
1444 2087 1560 2141 quod
1603 2087 1639 2128 si

228 2156 422 2212 jactetur
467 2156 514 2197 in
559 2156 717 2212 ignem,
761 2159 806 2198 et
851 2170 1018 2212 semper
1063 2156 1252 2198 retineat
1283 2156 1468 2197 colorem
1498 2169 1636 2206 suum,

236 2227 342 2266 tunc
373 2226 440 2266 est
482 2239 636 2266 aurum
667 2239 849 2275 verum3
881 2224 917 2266 01
958 2239 1059 2276 non,
1102 2239 1192 2266 non
1233 2226 1299 2265 est
1338 2223 1515 2265 bonum.
1578 2222 1638 2264 Et

234 2293 270 2333 si
301 2291 409 2333 velis
440 2292 546 2334 scire
577 2307 634 2334 an
666 2292 724 2334 sit
754 2292 954 2334 naturale
975 2292 1047 2334 vel
1077 2292 1132 2333 ab
1163 2290 1361 2342 artificio,
1383 2293 1489 2332 tunc
1520 2290 1639 2332 solve

235 2361 376 2416 ipsum
410 2374 486 2416 per
529 2360 649 2412 sales,
683 2363 728 2402 et
770 2361 806 2402 si
838 2361 1025 2403 solvitur
1065 2363 1131 2402 est
1171 2360 1224 2401 de
1256 2358 1517 2416 magisterio.
1578 2358 1639 2400 Et

236 2428 437 2470 similiter
466 2429 502 2470 si
532 2428 743 2470 fundatur
773 2432 818 2471 et
859 2428 1027 2471 ferveat
1059 2430 1124 2470 est
1161 2428 1214 2469 de
1244 2441 1348 2469 vero
1378 2426 1636 2482 magisterio.

237 2497 295 2538 Et
325 2497 466 2553 ipsum
499 2497 535 2538 si
566 2496 694 2538 facias
734 2497 958 2553 pulverem
990 2499 1034 2539 et
1065 2510 1199 2553 ponas
1229 2494 1276 2536 in
1306 2495 1400 2537 vias
1432 2494 1636 2536 sublima-

282 2710 437 2742 ¹curahit
473 2710 520 2753 et]
572 2712 680 2744 These
725 2721 824 2744 occur
869 2722 904 2744 as
973 2712 1138 2751 however,
1166 2709 1288 2741 affor-ds
1310 2718 1355 2740 no
1382 2706 1562 2739 indication
1584 2705 1637 2738 for

241 2763 446 2795 catchwords
477 2769 512 2795 at
548 2764 604 2796 the
630 2765 757 2797 bottom
782 2765 821 2796 of
849 2765 904 2797 the
973 2763 1130 2804 deciding
1160 2761 1271 2793 which
1306 2760 1344 2793 of
1372 2760 1463 2792 these
1486 2759 1635 2800 supposi-

240 2826 324 2857 page
348 2815 386 2854 (f.
416 2819 456 2846 66
473 2816 522 2857 b.)
569 2816 668 2849 Some
689 2817 798 2850 leaves
820 2818 904 2849 have
973 2816 1060 2854 tions
1074 2815 1103 2847 is
1119 2818 1255 2854 correct.

238 2869 321 2900 been
337 2869 400 2900 lost
413 2878 460 2912 *or
473 2868 696 2910 misgathered
706 2882 715 2908 ς
746 2871 801 2902 the
818 2869 902 2909 MS„
