1964 3259
226 256 311 312 IX.]
674 266 980 298 COMPENDIUM
1012 265 1178 297 sTUDn.
1542 255 1626 295 503

225 399 330 426 vero
373 384 650 426 semivocales
703 385 911 426 dicuntur
955 382 1146 438 liquid-ae,
1180 385 1272 423 tam
1305 380 1422 436 apud
1454 380 1626 422 Graecos

226 468 356 508 quam
403 453 594 496 Latinos.
671 453 731 494 Et
783 453 988 494 dicuntur
1030 450 1219 506 liquidae‚
1254 452 1306 490 ut
1351 448 1457 490 dicit
1509 447 1627 489 Pris-

225 523 385 574 cianus,
418 522 521 577 quia
554 521 672 563 facili
702 521 882 577 produci
915 523 959 562 et
991 519 1149 575 corripi
1175 520 1358 575 possunt
1389 517 1626 559 secundum

226 590 344 645 quod
391 590 574 632 diversis
626 589 764 631 literis
809 589 906 630 aliis
951 588 1288 644 conjunguntur,
1324 589 1368 628 et
1411 585 1509 627 ideo
1563 585 1628 625 di-

225 662 385 700 cuntur
430 658 676 715 liquescere,
711 662 755 701 et
798 659 943 708 fluere,
978 660 1023 699 et
1054 657 1282 698 instabiles
1329 670 1419 697 esse
1462 655 1510 696 in
1551 669 1629 695 sua

225 731 395 769 natura.
458 728 679 770 Dicuntur
720 727 852 769 etiam
896 725 1073 782 liquidae
1119 725 1221 781 quia
1267 725 1320 766 de
1366 722 1482 765 facili
1533 737 1629 764 mu«

225 799 378 838 tantur
409 797 462 838 de
492 811 570 838 sua
601 799 820 852 potestate
842 798 885 837 et
915 794 1183 850 proprietate
1216 796 1432 849 quantum
1464 791 1629 832 habent

223 864 331 905 alias
361 865 409 905 in
440 868 590 915 metro,
645 864 757 906 sicut
799 867 1050 919 exponetur.
1126 861 1244 903 Nam
1288 861 1406 918 apud
1450 860 1629 901 Latinos

223 935 413 987 quatuor
443 936 548 974 sunt
579 932 768 988 liquidae,
793 932 955 973 scilicet
988 930 1014 981 l,
1049 945 1107 982 m,
1142 945 1186 982 n,
1220 945 1256 980 r,
1291 934 1342 971 ut
1375 929 1481 971 dicit
1514 928 1629 969 Pris-

224 1000 398 1053 cianus3
441 1005 486 1043 et
518 1001 805 1043 nihilominus
846 1000 1102 1057 liquescunt.
1167 998 1421 1055 Aliquando
1453 997 1628 1053 quidem

223 1083 249 1111 ἰ’
280 1069 493 1125 liquescit,
528 1085 626 1112 cum
653 1070 825 1122 dicitur,
859 1067 1209 1110 Alexandreide:

627 1185 649 1200 “
674 1179 785 1222 Cum
818 1177 956 1234 patris
987 1175 1213 1219 interitu.”

227 1289 340 1342 Quia
381 1306 468 1333 non
511 1290 712 1347 producit
755 1289 941 1345 primam
985 1287 1200 1344 syllabam
1243 1286 1373 1342 hujus
1425 1285 1630 1328 dictionis

220 1358 382 1415 patri-s.
447 1360 575 1413 Quod
606 1363 756 1401 tamen
787 1358 892 1400 facit
924 1357 1042 1414 apud
1073 1356 1342 1398 Theodolum
1380 1371 1478 1398 cum
1521 1355 1629 1396 dici.-

226 1431 324 1470 tur:

545 1488 767 1530 “Patrem
799 1486 996 1543 sequitur
1027 1500 1105 1529 sua
1136 1484 1315 1542 proles.⁷’

226 1582 350 1624 Idem
381 1584 506 1638 patet
538 1581 591 1623 de
624 1580 639 1623 l
670 1581 717 1622 in
749 1580 942 1621 Thobia:

614 1679 636 1695 “
658 1673 817 1729 Replet
858 1671 1028 1728 agenda
1071 1670 1225 1713 sacra.''

225 1750 285 1793 Et
315 1750 363 1792 in
394 1749 541 1793 eodem
566 1766 574 1792 :

633 1834 810 1876 “Sacra
840 1831 1011 1889 agenda
1042 1829 1221 1887 replet.’'

225 1942 340 1985 Item
371 1956 419 1984 m
449 1941 659 1998 liquescit.
702 1940 916 1998 Virgilius
946 1941 994 1982 in
1016 1939 1183 1982 decimo
1215 1938 1422 1980 AEneidos
1457 1936 1626 1995 [129.]:

227 2053 361 2095 “Nec
395 2051 574 2108 Clytiol
608 2050 806 2109 genitore
838 2051 981 2093 minor
1002 2065 1080 2093 nec
1102 2050 1238 2092 fratre
1256 2048 1279 2064 '²
1313 2048 1627 2106 [Menestheo]

225 2163 341 2205 Nam
373 2162 605 2219 corripitur
635 2162 795 2204 ultima
825 2160 957 2217 hujus
980 2160 1184 2203 dictionis
1204 2159 1366 2217 fratre.
1422 2160 1483 2202 Et
1514 2159 1630 2216 quod

223 2232 331 2273 alias
377 2232 592 2288 producat
641 2231 874 2288 vulgatum
920 2233 995 2272 est.
1090 2230 1205 2271 Item
1241 2244 1277 2272 ‘n
1319 2229 1529 2287 liquescit,
1578 2232 1630 2270 ut

226 2300 412 2343 Ovidius
454 2304 611 2357 quarto
651 2301 936 2356 Metamorp.:

642 2409 664 2426 “
682 2403 986 2459 Piscosamque
1019 2401 1221 2445 Gnidon:

225 2495 353 2548 Quod
404 2499 553 2539 autem
584 2510 619 2539 π
648 2496 860 2552 liquescat
902 2494 1080 2538 cuilibet
1127 2496 1264 2551 patet.
1348 2492 1386 2536 S
1428 2493 1631 2535 similiter

221 2565 423 2620 liquescit
466 2565 514 2607 in
559 2565 774 2622 principio
818 2564 1036 2617 dictionis,
1083 2566 1136 2605 ut
1182 2562 1395 2605 Horatius
1439 2562 1487 2604 in
1534 2563 1631 2604 Ser-

223 2633 429 2675 monibus
465 2634 510 2690 [i.
535 2635 573 2686 5,
598 2633 687 2690 35]
708 2650 716 2675 :

586 2729 608 2747 “
623 2724 835 2767 Ridentes
868 2722 1048 2781 praemia
1078 2721 1269 2765 scribae.”
1291 2720 1307 2744 2

270 2876 278 2895 ¹
300 2875 422 2917 Clytio*¹
451 2875 567 2917 Lycio,
585 2876 658 2909 MS.
914 2875 919 2912 l
953 2876 965 2895 ²
980 2872 1110 2917 scribcc]
1130 2874 1284 2906 rudentes
1295 2873 1401 2914 prima
1412 2872 1529 2912 scribe,
1540 2871 1616 2904 Μδς
