1964 3259
220 264 369 319 Lxm]
782 276 896 307 orus
928 276 1140 306 TERTmM.
1534 267 1619 308 263

217 407 272 434 ex
315 407 400 448 qua
442 408 572 434 nasus
610 393 738 434 rubet
781 392 976 433 anterius
1018 395 1062 432 et
1108 391 1291 432 inflatur
1339 406 1387 433 ac
1434 391 1471 432 si
1508 395 1620 434 esset

220 461 425 517 leprosus,
458 464 607 502 tamen
638 475 727 501 non
758 460 825 509 sit,
860 460 933 501 sed
965 459 1119 500 similis
1153 460 1202 501 ei.

281 529 302 571 72
343 533 444 571 ante
466 543 491 571 9·
512 529 749 578 breviatur,
767 531 818 568 ut
843 527 1052 579 butirum,
1080 529 1318 569 secundum
1340 528 1535 570 Macrum
1567 532 1612 570 et

226 597 430 646 Statium,
454 600 499 640 et
519 597 754 639 secundum
777 595 986 638 Graecum.
1051 595 1110 637 Et
1134 596 1300 651 obliqui
1321 596 1396 639 isti
1420 597 1621 638 brevian-

221 669 315 707 tur:
345 666 528 718 Gadiris,
552 664 758 716 semiviri,
780 664 1033 719 septemvir-i
1045 680 1054 715 3
1089 665 1163 705 sed
1184 664 1214 705 J
1218 665 1333 706 airus
1354 666 1618 720 producitur.

281 733 301 774 *is
345 738 446 775 ante
479 749 499 775 s
541 733 782 788 corripitur,
830 736 881 773 ut
925 733 1106 774 anisum.
1186 733 1480 789 Excipiuntur
1523 749 1621 789 quae

221 796 326 834 nota
357 797 469 834 sunt.

280 861 300 902 z'
332 864 433 903 ante
465 865 481 902 t
511 862 728 916 longatur,
762 863 814 901 ut
849 859 1062 911 Tesbites,
1099 859 1363 913 Sunamites‚
1397 860 1616 911 Cochitus,

218 928 613 984 hermaphroditus,
657 928 855 978 lechitus,
888 929 1116 984 parasitus,
1153 929 1227 984 qui
1259 932 1325 970 est
1356 930 1529 980 lecator,
1575 934 1620 972 et

219 996 474 1046 demolitus,
509 996 625 1052 quod
672 997 911 1052 aliquando
959 996 1112 1048 active,
1162 997 1396 1052 aliquando
1448 998 1619 1053 passive

220 1065 441 1120 accipitur,
476 1064 641 1106 oblitus
674 1065 729 1106 ab
783 1064 1048 1117 obliviswm
1081 1065 1156 1106 sed
1189 1065 1354 1107 oblitus
1386 1067 1440 1108 ab
1473 1066 1622 1109 oblim

218 1132 454 1174 breviatur.
507 1132 726 1175 Ambitus
758 1133 1037 1189 participium
1066 1135 1333 1189 producitur,
1357 1135 1432 1175 sed
1460 1149 1621 1177 nomen

218 1201 454 1243 breviatur.
518 1201 824 1243 Icloloz‘hitum
869 1202 1106 1243 breviatur.
1176 1202 1293 1243 Nam
1330 1201 1424 1244 thio
1457 1203 1619 1254 Graece,

221 1270 338 1324 quod
369 1273 434 1311 est
465 1269 668 1325 sacrifico
702 1270 870 1321 Latine,
904 1271 1036 1311 habet
1068 1271 1253 1326 primam
1285 1271 1471 1312 brevem.

277 1336 297 1378 i
329 1340 433 1378 ante
464 1352 491 1380 v
522 1338 790 1394 producitur,
825 1338 1105 1394 excipiuntur
1142 1338 1318 1389 Ninive,
1353 1339 1541 1390 semivir,
1576 1342 1621 1381 et
1664 1369 1668 1372 ⁴

222 1404 409 1446 velivox.

282 1487 305 1513 0
337 1476 440 1514 ante
465 1488 486 1515 ε
506 1474 745 1526 breviatur,
769 1478 822 1516 ut
846 1474 1124 1530 Cappadoces
1145 1475 1384 1516 secundum
1410 1478 1619 1526 auctores,

222 1544 267 1582 et
288 1541 518 1583 mediocris
539 1542 588 1583 in
609 1558 746 1598 prosa,
770 1543 1007 1584 secundum
1030 1543 1303 1584 Priscianum
1326 1543 1380 1584 de
1402 1543 1609 1585 Accentu.

280 1624 304 1650 0
336 1612 439 1651 ante
483 1608 515 1651 d
557 1610 796 1660 breviatur,
850 1614 901 1652 ut
944 1611 991 1651 in
1034 1611 1147 1666 Lege
1179 1610 1464 1667 chiropodes3
1508 1611 1623 1654 exci-

219 1676 405 1733 piuntur
436 1692 532 1733 quae
563 1680 670 1719 nota
701 1682 814 1720 sunt.

280 1759 304 1786 0
333 1748 436 1787 ante
458 1746 487 1801 j
516 1745 753 1795 breviatur,
786 1749 839 1788 ut
871 1746 1065 1798 Colofon,
1100 1746 1323 1788 Demofon.

280 1827 304 1854 ο
350 1816 454 1855 ante
498 1828 535 1855 ‘n
576 1815 842 1870 producitur,
900 1818 952 1856 ut
1004 1814 1173 1856 Adonis
1219 1814 1267 1855 in
1311 1815 1548 1867 Ezechiele,
1580 1820 1624 1858 et

221 1881 395 1923 Orionis
427 1882 475 1922 in
507 1882 636 1934 Isaia,
671 1887 715 1924 et
746 1882 793 1923 in
824 1882 854 1924 J
858 1883 922 1923 ob.
988 1882 1077 1923 Sed
1120 1883 1381 1924 breviantur
1411 1883 1545 1925 iconis
1567 1883 1623 1925 ab

221 1950 331 2000 icon,
383 1951 499 2004 quod
552 1954 618 1991 est
674 1951 828 2005 imago,
883 1954 926 1992 et
987 1950 1254 1992 Philemonis
1305 1966 1331 1992 a
1382 1951 1622 1994 Philemon.

224 2017 342 2059 Nam
373 2017 420 2058 in
454 2018 601 2059 Graeco
633 2019 798 2059 habent
830 2033 854 2060 ο
884 2019 1025 2060 breve.

281 2100 305 2126 ο
337 2089 440 2127 ante
478 2101 514 2142 χ)
558 2087 782 2128 breviatur
825 2101 1002 2143 semper,
1048 2085 1265 2142 excipitur
1296 2087 1520 2143 hyssopus,
1549 2089 1625 2143 qui

221 2168 448 2209 nunquam
480 2155 642 2210 poterit
673 2155 877 2206 breviari,
899 2156 1000 2211 quia
1029 2155 1233 2196 scribitur
1264 2171 1341 2211 per
1372 2171 1395 2198 0
1416 2157 1624 2212 longum3

222 2225 266 2263 et
298 2223 395 2264 ideo
428 2237 578 2264 versus
624 2223 965 2279 grammaticalis
996 2223 1130 2265 falsus
1167 2227 1246 2276 est,
1280 2224 1355 2279 qui
1387 2225 1623 2280 aliquando

220 2290 411 2331 brevia-ri
443 2291 651 2342 concedit,
677 2292 843 2333 dicens:

326 2388 349 2405 “
373 2383 604 2440 Hyssopus
636 2388 702 2426 est
734 2384 880 2435 herba,
914 2385 1103 2441 hyssopo
1135 2385 1357 2441 spargitur
1388 2387 1544 2429 midas

222 2479 309 2520 Sed
359 2481 557 2520 auctores
610 2479 860 2534 producunt
920 2493 997 2535 pro
1049 2480 1193 2521 herba.
1258 2480 1389 2522 Unde
1441 2480 1625 2523 Bernar-

223 2545 303 2586 dus
336 2545 573 2588 Silvester:

336 2634 359 2652 ‘⁶
376 2630 566 2673 Pectoris
599 2631 733 2674 herba
763 2647 888 2674 cavas
918 2647 1047 2688 rupes
1078 2632 1235 2674 incidit
1265 2632 1493 2689 hysopus⁵³

226 2716 285 2758 Et
338 2732 435 2759 cum
502 2719 718 2776 hyssopus
780 2735 858 2776 pro
921 2720 1157 2775 aspersorio
1211 2719 1407 2775 fingatur
1456 2719 1625 2777 longari

226 2788 402 2841 propter
423 2786 531 2827 illud
552 2786 714 2829 Psalmi
736 2788 777 2829 h‘.
796 2805 804 2829 :
842 2792 864 2809 ‘⁵
882 2788 1100 2844 Asperges
1121 2802 1201 2839 me,
1226 2787 1424 2838 Domine,
1439 2787 1626 2845 hyssopo

227 2856 250 2874 “
287 2856 330 2894 et
363 2854 643 2904 mundabor,’'
680 2870 797 2898 error
829 2859 924 2907 est3
971 2870 1071 2896 nam
1103 2855 1166 2896 ibi
1198 2855 1386 2897 sumitur
1415 2855 1627 2913 hyssopus

226 2935 304 2976 pro
336 2920 480 2974 herba,
514 2922 627 2964 sicut
659 2923 957 2979 Hieronymus
988 2923 1168 2980 exponit
1198 2922 1322 2965 illum
1353 2938 1535 2967 versum.
