1964 3259
192 251 321 308 XXX]
745 263 860 293 opos
892 262 1101 292 TERTIUM.
1508 252 1527 288 1
1539 250 1596 295 07

193 378 278 419 adl
318 378 483 433 judicia
524 375 751 433 facienda?
794 377 847 417 de
883 376 1084 417 omnibus
1126 373 1416 422 inferioribus,
1456 376 1499 414 et
1541 374 1597 414 ad

193 460 323 502 opera
364 446 475 487 mira
507 449 551 488 et
584 445 712 487 utilia
743 445 791 485 in
833 444 914 485 hoc
950 443 1129 494 mundo,
1168 456 1264 497 quae
1301 440 1396 483 fieri
1429 441 1597 482 habent

192 515 240 556 in
274 514 400 556 certis
434 513 714 556 electionibus
751 511 1143 560 constellationum,
1178 511 1225 551 in.
1259 510 1430 551 actibus
1467 508 1597 563 liujus

193 582 312 632 vitae,
354 585 533 638 propter
573 594 777 637 prospera
818 579 972 621 mundi
1013 578 1310 635 promovenda
1341 578 1387 618 in
1429 577 1594 625 melius,

193 654 237 692 et
274 654 325 692 ut
359 650 498 692 omnis
532 648 772 690 adversitas
805 647 1082 704 reprimatur.
1145 647 1205 688 Et
1239 646 1299 688 sic
1324 648 1449 701 patet
1481 644 1595 699 quod

193 719 385 760 coelestia
445 719 761 773 cognoscuntur
812 731 887 771 per
948 715 1227 771 astrologiam
1278 713 1507 769 duplicem,
1552 715 1596 753 et

194 786 477 828 nihilominus
534 785 651 840 quod
703 782 1003 840 praepa1·at111·³
1064 797 1141 839 per
1181 782 1353 824 easdem
1405 780 1595 837 cognitio

194 856 251 896 ad
294 856 386 897 haec
436 854 654 896 inferiora.
752 853 869 895 Nam
911 868 1000 895 non
1047 854 1366 909 cognoscuntur
1417 851 1595 892 effectus
1613 867 1778 900 Essential

193 923 278 964 nisi
320 938 396 979 per
437 938 534 965 suas
575 937 750 974 causas,
793 923 867 964 sed
909 922 1103 964 coelestia
1145 924 1248 962 sunt
1289 934 1427 962 causae
1468 933 1595 976 gene-
1612 913 1765 989 {Ogoaefed
1791 968 1807 989 e

192 991 375 1033 rationis
417 995 463 1034 et
503 991 790 1047 corruptionis
825 990 1021 1032 omnium
1057 1004 1202 1031 rerum
1239 988 1505 1037 inferiorum,
1543 991 1594 1028 ut
1612 1002 1651 1033 of
1662 968 1808 1034 celestiiael

193 1060 471 1102 manifestum
533 1063 601 1101 est
662 1059 854 1102 cuilibet.
939 1059 998 1100 Et
1040 1072 1116 1114 per
1158 1056 1472 1113 experientiam
1514 1055 1593 1097 hoc
1611 1046 1814 1132 ξέἲὲθνῗὲξὲἰ]

192 1129 402 1181 videmus,
445 1128 680 1170 secundum
723 1128 840 1184 quod
880 1126 1127 1183 philosophi
1168 1125 1464 1167 determinant
1504 1124 1591 1165 evi·
1611 1137 1654 1168 all
1670 1141 1786 1167 terres-

194 1197 355 1239 denter.
419 1197 478 1238 Et
500 1212 597 1238 cum
630 1197 695 1238 ita
727 1197 796 1248 sit,
820 1199 927 1238 tunc
960 1193 1185 1237 0111111111114
1222 1193 1471 1235 inferiorum
1495 1207 1591 1247 cog-
1609 1181 1761 1258 tgfflnffes

194 1266 304 1307 nitio
342 1266 557 1321 dependet
590 1281 616 1307 a
654 1264 974 1306 mathematicae
1018 1265 1250 1319 potestate.
1313 1262 1410 1304 Hoc
1444 1265 1591 1303 autem
1611 1252 1748 1311 depeti'd.

194 1334 437 1390 specialiter
462 1337 606 1390 potest
628 1334 798 1375 ostendi
829 1348 905 1388 per
936 1333 1148 1373 virtutem
1179 1330 1463 1386 geometricae,
1494 1344 1592 1370 cum

194 1405 341 1443 tamen
372 1402 464 1444 hzec
496 1406 562 1444 est
592 1401 724 1442 vilior
754 1402 871 1442 inter
904 1415 1052 1442 omnes
1084 1402 1228 1456 partes
1260 1398 1591 1440 mathematicae.

196 1470 326 1526 Ergo,
369 1470 405 1511 si
439 1471 518 1511 1100
569 1473 711 1526 potest
753 1469 1038 1511 demonstrari
1081 1468 1173 1509 sine
1224 1463 1593 1509 contradictione5

195 1538 391 1594 possibili
433 1539 480 1579 in
521 1536 627 1590 illa,6
667 1538 807 1579 multo
839 1538 979 1593 magis
1020 1536 1281 1578 credendum
1333 1538 1399 1576 est
1449 1549 1593 1575 rerum

194 1606 486 1662 cognitionem
529 1606 771 1661 dependere
812 1620 839 1647 a
879 1605 1049 1648 caeteris
1101 1603 1301 1660 partibus
1353 1602 1592 1644 mathema-

193 1675 291 1717 ticae
324 1674 555 1726 nobilibus,
588 1678 633 1716 et
664 1674 797 1716 etiam
828 1689 915 1730 qua
945 1673 1114 1715 ratione
1145 1673 1199 1715 ab
1232 1687 1292 1722 ea,
1326 1674 1370 1713 et
1401 1672 1456 1712 ab
1488 1671 1593 1712 aliis.

195 1741 324 1798 Ergo,
347 1743 383 1784 si
417 1743 473 1784 ab
507 1742 584 1783 illa
616 1743 844 1798 dependet,
882 1742 1085 1783 similiter
1121 1741 1176 1782 ab
1218 1740 1316 1781 aliis
1351 1739 1487 1781 habet
1521 1739 1593 1780 de-

194 1811 389 1866 pendere.
468 1810 666 1853 Sufficiat
706 1809 872 1866 igitur⁷
912 1825 1028 1852 nunc
1069 1809 1338 1865 propositum
1381 1807 1593 1850 declarari

194 1881 242 1922 in
263 1881 543 1937 geometricis.

751 2088 856 2131 CAP.
889 2086 1055 2130 XXXI.

1615 2166 1688 2198 The
1706 2168 1774 2199 effi-

259 2215 404 2257 CIRCA
438 2229 540 2257 vero
574 2215 906 2271 geometricalia,
943 2217 1139 2270 respectu
1184 2228 1329 2255 rerum
1374 2216 1419 2255 et
1460 2213 1592 2255 scien·
1614 2211 1703 2243 cient

197 2283 357 2324 tiarum
402 2283 685 2335 sciendarum,
739 2283 1007 2325 consideravi
1049 2281 1166 2337 quod
1207 2296 1274 2322 res
1311 2281 1460 2333 omnis,
1499 2296 1594 2337 quae
1613 2266 1727 2332 efigssees
1744 2257 1782 2288 of

196 2351 249 2392 fit
279 2351 326 2392 in
357 2351 436 2393 1100
456 2351 632 2401 mundo,
655 2351 747 2393 exit
778 2351 825 2392 in
854 2366 943 2393 esse
974 2365 1049 2406 per
1080 2350 1265 2392 efficiens
1296 2352 1341 2391 et
1372 2350 1594 2392 materia-le
1613 2345 1760 2386 changes

196 2419 489 2476 Ρ111101Ρ111111,8
519 2435 575 2462 ex
606 2435 690 2475 quo
722 2419 976 2476 producitur
1008 2433 1085 2476 per
1115 2418 1328 2461 Virtutem
1359 2418 1592 2469 efficientis,
1611 2389 1802 2474 {3333}-

1611 2482 1674 2520 try.

243 2641 328 2685 ¹ad]
356 2647 397 2682 et,
422 2642 461 2674 T.
968 2640 1063 2672 ⁵si72e
1100 2640 1363 2682 contradictione]
1391 2640 1461 2672 sine
1499 2639 1589 2671 omni

242 2711 439 2753 ²facienda]
465 2721 530 2743 om·
558 2711 597 2744 T.
925 2693 1192 2730 contradictione,
1218 2693 1256 2725 Τ.

967 2746 979 2763 ⁶
997 2747 1028 2776 in
1054 2744 1125 2787 illa]
1152 2755 1216 2777 om.
1241 2745 1280 2777 T.

973 2799 982 2815 ⁷
999 2798 1010 2827 ί
1032 2799 1095 2829 itur
1139 2808 1203 2830 om.

243 2851 253 2869 ⁴
270 2849 420 2892 omnium]
439 2850 567 2891 horum,
592 2851 632 2882 T.
894 2834 897 2885 1
969 2797 1205 2892 9,υφνίησὶΞ)ίιιηι]
1234 2850 1325 2892 Opus
1350 2850 1471 2891 Majus,
1488 2860 1517 2891 p.
1537 2853 1587 2881 66.

242 2781 252 2798 ³
264 2781 488 2823 prceparatur]
515 2784 725 2822 praeparetur,
750 2780 790 2814 T.
