1964 3259
104 530 153 562 Of
164 529 270 562 music

102 575 214 607 which
226 575 285 607 has

100 630 143 651 no
159 620 261 652 refer-

100 674 179 696 ence
195 670 229 697 to

100 710 231 742 sounds.

328 271 413 311 232
840 280 1011 311 RUGERI
1043 279 1237 311 BACONIS
1621 269 1735 326 [CAP.

327 395 387 436 Et
418 394 699 451 Augustinus
730 395 811 439 hoc
843 396 972 439 docet
1007 396 1194 438 secundo
1230 395 1420 445 Musicae,
1469 398 1522 436 ut
1558 395 1739 437 inferius

326 464 630 519 explicabitur.

386 532 553 574 Praeter
606 549 709 576 vero
761 534 839 576 has
890 537 1034 590 partes
1087 533 1275 583 musicae,
1319 548 1416 588 quae
1468 535 1573 574 sunt
1625 531 1735 573 circa

325 614 493 652 sonum,
539 605 642 643 sunt
688 601 799 654 aliie,
844 617 940 657 quae
988 605 1092 644 sunt
1134 602 1244 643 circa
1285 601 1471 653 visibile,
1505 601 1621 656 quod
1672 602 1738 641 est

324 672 484 724 gestus,
519 669 594 724 qui
626 671 953 727 comprehendit
996 670 1289 712 exultationes
1331 673 1375 711 et
1417 684 1565 711 omnes
1596 668 1737 710 flexus

326 737 525 793 corporis.
610 737 727 780 Nam
787 739 1114 781 conformantur
1164 741 1312 795 gestus
1365 737 1525 789 cantui,
1580 741 1624 779 et
1669 737 1735 778 in-

326 806 596 859 strumentis,
645 810 689 850 et
735 810 889 858 metro,
938 806 1131 849 motibus
1178 806 1477 849 consimilibus
1520 809 1565 848 et
1605 806 1736 847 confi-

325 874 661 930 gurationibus¹
721 876 1079 932 competentibus,
1130 879 1182 917 ut
1235 875 1451 931 completa
1505 874 1738 916 delectatio

325 943 552 997 habeatur,
601 959 690 987 non
742 946 881 986 solum
934 945 1112 987 auditus
1158 944 1234 985 sed
1280 944 1408 985 visus.
1484 943 1577 984 Nos
1619 942 1735 983 enim

325 1013 524 1054 videmus
557 1013 674 1068 quod
704 1028 774 1054 ars
805 1014 1211 1062 instrumentorum,
1238 1015 1284 1053 et
1317 1014 1481 1062 cantus,
1517 1013 1562 1052 et
1593 1010 1734 1059 metri,

325 1083 370 1121 et
401 1081 613 1137 rhythmi,
645 1096 735 1122 non
767 1081 894 1123 vadit
926 1081 973 1122 in
1014 1081 1188 1137 plenam
1236 1080 1567 1122 delectationem
1601 1078 1734 1120 sensi-

325 1149 469 1199 bilem,
514 1149 599 1190 nisi
652 1149 783 1190 simul
833 1149 981 1191 adsint
1037 1152 1198 1205 gestus,
1248 1152 1292 1190 et
1343 1148 1647 1197 exultationes,
1692 1150 1737 1188 et

324 1217 464 1258 flexus
507 1218 778 1274 corporales3
821 1232 918 1273 quze
961 1218 1108 1259 onmia
1142 1232 1240 1258 cum
1273 1216 1598 1258 conformentur
1640 1231 1736 1272 pro-

324 1287 599 1342 portionibus
642 1286 1035 1337 convenientibus,‘-'
1067 1286 1118 1327 fit
1150 1285 1341 1341 perfecta
1377 1285 1609 1326 delectatio
1641 1299 1735 1326 sen-

323 1355 461 1397 sibilis
505 1355 623 1412 apud
665 1355 773 1397 duos
823 1369 985 1396 sensus.
1059 1354 1120 1396 Et
1162 1354 1282 1395 istud
1325 1353 1486 1395 dicitur
1527 1353 1574 1393 in
1626 1352 1737 1394 libro

324 1424 392 1465 De
436 1424 551 1466 Ortu
586 1423 909 1476 Scientiarum3
953 1423 1126 1474 scilicet,
1161 1422 1277 1478 quod
1319 1424 1469 1478 gestus
1513 1423 1580 1462 est
1611 1420 1737 1462 radix

321 1493 509 1543 musicae,
544 1492 658 1535 sicut
702 1496 893 1534 metrum
937 1495 984 1534 et
1024 1492 1137 1533 sicut
1179 1490 1326 1541 melos,
1370 1490 1417 1531 id
1462 1493 1538 1541 est,
1574 1493 1737 1531 cantus.

324 1561 384 1602 Et
417 1561 699 1618 Augustinus
732 1560 841 1602 dicit
872 1560 954 1602 hoc
1001 1559 1190 1602 secundo
1237 1558 1427 1601 Musicae.
1507 1559 1598 1599 Alii
1635 1573 1738 1599 vero

321 1631 481 1681 motus,
504 1628 580 1684 qui
612 1643 703 1671 non
735 1631 918 1686 possunt
950 1628 1211 1670 conformari
1246 1642 1350 1669 sono
1384 1627 1737 1683 proportionibus

322 1697 698 1749 convenientibus,
741 1701 793 1738 ut
834 1697 916 1738 fiat
959 1696 1176 1753 completa
1229 1695 1465 1737 delectatio
1504 1695 1734 1745 sensibilis,

322 1781 410 1808 non
433 1770 537 1808 sunt
568 1767 621 1808 de
653 1765 838 1808 scientia
868 1765 1054 1807 musicae.
1119 1764 1272 1819 Aliqui
1304 1767 1454 1805 tamen
1485 1766 1631 1805 motus
1662 1763 1737 1805 alii

322 1834 490 1877 habent
534 1834 780 1877 consimiles
825 1833 1139 1890 proportiones,
1189 1832 1264 1875 sed
1296 1847 1385 1874 non
1417 1835 1601 1888 possunt
1631 1846 1736 1874 sono

322 1907 366 1946 et
410 1904 557 1962 gestui
588 1903 850 1946 conformari
882 1903 929 1944 in
961 1916 1096 1943 unam
1141 1901 1491 1951 delectationem,
1536 1903 1588 1942 ut
1632 1903 1737 1942 sunt

322 1977 467 2016 motus
510 1973 671 2030 pulsus.
755 1972 894 2014 Fiunt
955 1971 1072 2013 enim
1123 1970 1361 2013 secundum
1414 1969 1585 2012 debitas
1641 1983 1738 2025 pro-

322 2043 556 2098 portiones,
603 2041 762 2098 quibus
815 2041 981 2083 musica
1027 2040 1200 2092 utitur,
1252 2039 1328 2082 sed
1380 2038 1443 2080 ibi
1495 2038 1735 2080 existentes

322 2126 409 2153 non
450 2114 633 2167 possunt
664 2110 814 2153 referri
862 2110 917 2151 ad
966 2108 1180 2159 auditum,
1223 2108 1299 2150 sed
1329 2110 1526 2164 respectu
1557 2105 1733 2149 tactus3

321 2182 531 2232 tantum3
569 2183 613 2221 et
643 2179 741 2222 ideo
771 2193 860 2220 non
888 2182 993 2220 sunt
1014 2178 1067 2219 de
1090 2177 1272 2219 scientia
1293 2176 1480 2218 musicae.
1544 2175 1736 2217 Scientia

321 2251 471 2290 tamen
524 2263 673 2290 eorum
726 2250 792 2289 est
845 2246 1042 2302 subjecta
1094 2249 1139 2287 et
1191 2245 1494 2286 subalternata
1545 2243 1732 2285 musicae.

321 2316 438 2358 Nam
480 2331 706 2372 nunquam
757 2315 899 2357 bonus
947 2315 1030 2357 erit
1074 2313 1267 2355 medicus
1298 2316 1344 2354 et
1397 2310 1643 2368 perfectus4
1686 2311 1733 2351 in

322 2384 670 2426 consideratione
702 2383 921 2439 pulsuum,
967 2382 1053 2423 nisi
1085 2382 1144 2423 sit
1175 2381 1419 2422 instructus
1465 2379 1513 2420 in
1560 2393 1736 2435 propor-

322 2453 517 2494 tionibus
561 2451 747 2501 musicae,
793 2451 906 2492 sicut
945 2451 1101 2492 docent
1149 2451 1349 2491 auctores
1400 2447 1642 2500 medicinae,
1686 2450 1738 2490 ut

323 2521 446 2577 Haly
477 2520 524 2562 in
555 2520 667 2563 libro
700 2519 767 2561 De
800 2518 1030 2574 Regimine
1063 2516 1229 2573 Regali,
1264 2519 1308 2558 et
1339 2515 1470 2557 multi
1502 2514 1593 2557 alii.

366 2769 374 2788 ¹
393 2764 713 2810 coyfiyztratiouibns]
762 2762 970 2808 figurationi-
1105 2763 1116 2781 ³
1133 2766 1277 2805 respectu
1294 2758 1416 2802 tactus]
1444 2765 1578 2799 tactum,
1596 2757 1636 2792 Τ.

320 2815 392 2861 bus,
410 2822 449 2854 T.
1107 2817 1116 2834 ‘¹
1134 2821 1163 2848 ct
1173 2815 1356 2858 perfectas]
1384 2825 1448 2847 om.
1467 2814 1506 2846 Τ.

365 2876 377 2893 ²
387 2873 660 2916 convenientibus]
672 2872 945 2914 competentibus
953 2872 993 2903 B.
