1964 3259
196 262 358 317 Lxxu]
721 272 837 305 orus
867 272 1080 304 TERTIUM.
1505 260 1590 306 ⁶297

193 389 345 439 labem,
381 404 510 446 quam
543 390 757 446 paulatim
791 390 844 431 de
879 389 1066 445 pudenti
1107 402 1156 430 ac
1191 388 1387 429 modesta
1427 388 1591 429 musica
1608 397 1814 448 Importjance

194 456 422 500 invertere.
499 459 662 500 Statim
704 457 820 499 enim
862 457 1029 498 animos
1076 455 1351 498 audientium
1393 456 1499 511 pati,
1542 470 1591 497 ac
1608 442 1646 472 of
1657 452 1770 475 musm.

196 526 409 580 paulatim
461 527 687 576 discedere,
734 526 904 567 nullum
946 525 1119 567 honesti
1162 540 1209 567 ac
1255 524 1362 566 recti
1403 525 1590 566 retinere

195 594 443 650 vestigium,
491 595 565 636 sed
608 594 679 636 vel
720 609 795 650 per
846 594 1093 635 lasciviores
1144 594 1295 635 modos
1336 593 1591 635 inverecun-

195 661 299 702 dum
333 663 507 718 aliquid,
541 663 610 704 vel
641 677 718 718 per
750 662 986 718 asperiores
1017 662 1143 704 ferox
1175 665 1219 704 et
1251 661 1441 703 immane
1472 676 1591 702 men-

194 729 312 771 tibus
337 730 553 772 illabatur.
616 730 675 772 Et
702 731 798 772 ideo
829 730 955 772 Plato
984 730 1182 786 praecipit
1212 732 1408 786 oportere
1438 744 1592 785 pueros

194 812 282 838 non
312 799 368 840 ad
397 814 543 841 omnes
575 798 724 840 modos
756 798 931 849 erudiri,
955 798 1030 840 sed
1061 798 1209 854 potius
1238 798 1293 839 ad
1322 798 1517 839 valentes
1549 801 1594 838 et

193 865 416 921 simplices.
493 866 657 908 Idcirco
691 866 1011 909 Lacedaemonii
1042 866 1153 908 haecl
1188 866 1382 908 maxima
1418 880 1506 921 ope,
1543 869 1594 906 ut

195 933 259 974 ait
304 934 515 986 Boetius?
562 949 803 988 servavere,
848 935 953 977 dum
1005 934 1121 991 apud
1172 949 1243 976 eos
1285 934 1496 985 Thaletes,
1551 937 1594 975 ct

196 1000 404 1057 Gorgias³
440 1002 693 1055 Leontinus,
732 1019 890 1060 magno
927 1003 1069 1060 pretio
1102 1003 1241 1055 acciti,
1274 1017 1428 1058 pueros
1470 1003 1594 1044 disci-

195 1070 314 1125 plina
347 1072 522 1114 musicae
559 1073 667 1114 artis
708 1072 989 1124 inoluerunt3
1033 1075 1077 1114 et
1119 1071 1411 1113 Timothaeum
1444 1074 1595 1127 postea

196 1139 532 1190 damnaverunt,
575 1141 650 1196 qui
691 1140 978 1191 harmoniam,
1017 1155 1147 1195 quam
1195 1139 1438 1181 modestam
1479 1154 1593 1181 acce—

195 1212 328 1262 perat,
368 1208 415 1249 in
451 1224 586 1265 genus
623 1209 948 1258 chromaticum,
981 1208 1097 1263 quod
1128 1210 1194 1250 est
1235 1208 1418 1258 mollius,
1452 1207 1595 1248 inver—

196 1276 331 1318 tisset.
395 1277 513 1318 Nam
550 1292 784 1333 puerorum
821 1277 978 1318 animis
1021 1291 1127 1332 quos
1161 1276 1420 1318 erudiendos
1457 1291 1596 1317 susce-

196 1348 319 1399 perat
363 1344 516 1396 offecit,
550 1349 594 1386 et
622 1361 648 1386 a
678 1346 859 1387 virtutis
884 1345 1099 1387 modestia
1130 1344 1399 1400 praepedivit.
1462 1344 1598 1385 Nulla

197 1413 314 1453 enim
350 1413 488 1470 magis
530 1414 604 1455 via
644 1414 701 1455 ad
741 1414 937 1455 animuin
979 1413 1207 1469 disciplina
1249 1428 1378 1468 quam
1420 1413 1597 1454 auribus

198 1483 330 1535 patet.
395 1481 505 1523 Cum
538 1482 679 1537 igitur
709 1497 785 1538 per
806 1497 876 1524 eas
908 1482 1028 1524 modi
1060 1484 1214 1522 cantus
1245 1481 1439 1522 animum
1462 1495 1596 1535 usque

197 1549 521 1600 descenderunt,
565 1550 759 1591 dubitari
795 1564 882 1592 non
924 1553 1068 1606 potest
1105 1550 1210 1604 quin
1251 1553 1403 1605 suapte
1439 1552 1598 1590 natura

197 1620 388 1659 mentem
435 1617 638 1668 afficiant,
692 1622 737 1659 et
789 1618 1072 1660 conforment-
1149 1617 1207 1658 Et
1258 1617 1354 1658 ideo
1407 1617 1598 1672 Spiritus

197 1685 397 1737 Sanctus,
431 1686 505 1741 qui
533 1690 599 1728 est
631 1686 842 1743 Magister
871 1687 1070 1737 ecclesiae,
1105 1689 1149 1728 et
1179 1701 1257 1742 per
1287 1685 1433 1727 omnia
1464 1701 1598 1727 mem-

197 1753 275 1795 bra
311 1769 354 1796 sc
408 1755 601 1797 suaviter
644 1755 850 1807 infundit,
886 1755 1108 1797 ordinavit
1153 1769 1289 1811 genus
1331 1758 1483 1796 cantus
1525 1770 1597 1796 cn-

199 1821 515 1876 harmonicum,
550 1824 667 1879 quod
698 1827 743 1866 et
774 1824 903 1866 robor
935 1823 1069 1865 habet
1100 1823 1192 1865 sine
1223 1823 1408 1873 horrere,
1433 1826 1478 1864 et
1507 1823 1599 1864 sine

199 1891 379 1933 lascivia
416 1892 695 1935 condelectat.
765 1892 853 1934 Sed
889 1892 982 1947 jam
1019 1906 1094 1947 per
1130 1892 1349 1934 ecclesiam
1385 1892 1598 1947 paulatim
1615 1897 1797 1949 Abu-sessp

201 1959 337 2001 crevit
372 1961 534 2002 abusus
577 1964 741 2013 cantus,
780 1960 855 2015 qui
888 1976 914 2001 a
950 1960 1170 2016 gravitate
1205 1963 1250 2001 et
1281 1960 1449 2001 virtute
1484 1959 1597 2001 anti·
1614 1953 1798 2019 ἓζξὲὲξω

204 2041 290 2082 qua
341 2027 506 2080 cecidit,
559 2032 603 2070 et
660 2028 707 2069 in
760 2028 989 2070 mollitiem
1042 2028 1382 2070 inverecundam
1438 2027 1596 2084 lapsus,
1613 2033 1703 2073 days.

203 2099 477 2138 mansuetam
530 2098 575 2138 et
625 2097 870 2138 naturalem
922 2096 1187 2152 probitatem
1242 2096 1423 2148 amisit3
1482 2096 1599 2152 quod

202 2178 414 2206 novarum
446 2164 795 2206 harmoniarum4
831 2165 1067 2214 curiositas,
1101 2168 1146 2206 et
1177 2179 1402 2220 prosarum
1433 2164 1599 2206 lubrica

200 2232 470 2282 adinventio,
494 2232 889 2288 multipliciumque
921 2233 1237 2275 cantilenarum
1269 2233 1419 2289 inepta
1449 2233 1600 2289 volup-

204 2303 273 2341 tas
296 2300 562 2342 manifestat.
629 2300 689 2342 Et
719 2316 847 2357 super
878 2301 1025 2344 omnia
1055 2315 1180 2343 voces
1201 2301 1248 2343 in
1279 2300 1465 2343 falseto5
1501 2301 1599 2342 har-

201 2369 395 2410 moniam
438 2369 609 2411 virilem
650 2372 695 2411 et
735 2385 899 2412 sacram
941 2370 1229 2420 falsificantes,
1273 2370 1499 2426 pueriliter
1539 2370 1600 2411 ef-

200 2437 321 2490 fusae,
363 2438 638 2479 muliebriter
680 2438 901 2481 dissolutae
943 2438 1032 2481 fere
1073 2453 1150 2495 per
1190 2442 1329 2481 totam
1382 2438 1598 2480 ecclesiam

202 2507 487 2561 comprobant
528 2506 636 2548 illud
678 2506 804 2549 idem.
882 2507 1057 2550 Possem
1097 2522 1256 2564 ponere
1308 2507 1506 2563 exempla
1548 2507 1601 2548 de

247 2709 254 2727 ¹
273 2708 355 2751 brec]
382 2709 454 2749 1106,
471 2709 510 2742 T.
980 2710 990 2729 ⁴
1007 2709 1260 2752 harmoniarum]
1287 2709 1508 2747 historiarum,
1525 2708 1564 2740 T.

245 2761 257 2780 '-‘
274 2762 426 2804 Boetius]
446 2763 499 2794 De
515 2762 654 2802 Musica,
672 2761 693 2795 i.
711 2767 740 2795 2.
983 2764 995 2782 ⁵
1000 2761 1142 2805 [αἰθρία]
1175 2763 1314 2802 falsetto,
1349 2762 1388 2795 T.
1407 2775 1415 2802 ς
1455 2761 1599 2801 insulsae,

248 2816 260 2832 ³
281 2813 427 2846 lealetes
466 2821 496 2846 et
532 2815 689 2858 Goryias]
732 2816 863 2848 Taletas
934 2815 977 2848 U.

200 2873 232 2899 et
249 2867 467 2909 Georgonffls,
484 2868 523 2898 Bi
