1964 3259
217 268 365 326 LXIX]
741 278 855 309 opus
887 278 1098 308 'mariun
1533 268 1616 310 279

214 386 443 429 Ptolomaei
493 388 578 429 fuit
624 386 851 428 undecimo
884 386 1108 427 Kalendas
1152 385 1330 441 Aprilis,
1364 388 1469 425 tunc
1517 389 1619 426 ante

215 455 326 497 illud
376 459 548 512 tempus
598 454 684 497 fuit
734 458 851 496 retro
902 454 1019 495 hunc
1070 453 1214 495 locum
1276 452 1416 508 magis
1467 467 1619 494 Versus

215 524 426 580 Aprilem,
459 527 504 566 et
535 523 633 565 ideo
670 522 835 565 decimo
868 521 1093 564 Kalendas
1124 521 1363 563 secundum
1395 520 1618 576 probatio-

213 607 311 635 nem
346 592 584 635 Ptolomaei.
649 591 1011 645 Secundum-hoc
1041 589 1179 646 igitur
1210 604 1300 631 non
1341 592 1444 631 sunt
1485 589 1619 645 aequi-

211 661 360 704 noctia
391 663 435 703 et
467 659 657 703 solstitia
692 659 795 711 fixa,
842 673 983 715 neque
1030 661 1135 700 sunt
1182 658 1275 699 fixa
1317 658 1405 699 illis
1449 657 1617 709 diebus,

215 730 374 785 quibus
404 744 507 771 usus
538 729 625 770 fuit
656 727 842 770 ecclesia.
904 727 999 769 Nec
1029 727 1115 769 fuit
1147 725 1459 783 Hippocrates1
1491 726 1618 783 longe

213 813 240 840 a
285 799 483 850 veritate,
531 812 780 854 quanquam
827 796 918 852 ipse
974 795 1060 838 fuit
1107 799 1208 837 ante
1253 795 1478 838 Christum
1520 795 1618 851 plus

213 882 343 923 quam
388 867 593 909 trecentis
644 866 797 918 annis3
864 868 909 907 et
959 864 1057 906 ideo
1109 864 1254 920 potuit
1305 864 1617 920 aequinoctium

211 935 481 992 temporibus
513 935 600 976 suis
630 934 762 976 fuisse
795 936 949 976 octavo
982 933 1215 985 Kalendas,
1249 932 1320 974 vel
1363 947 1507 989 prope,
1540 933 1617 974 sci-

212 1004 314 1046 licet
344 1004 540 1061 septimo.

272 1073 359 1115 Sed
390 1073 571 1116 tertium
602 1071 912 1114 inconveniens
944 1074 1010 1114 est
1041 1071 1168 1127 longe
1200 1070 1353 1127 majus.
1404 1069 1534 1122 Nam,
1566 1074 1618 1112 ut

212 1141 331 1199 prius
377 1145 545 1185 tactum
587 1145 664 1191 est,
698 1141 862 1184 veritas
899 1143 966 1182 est
998 1140 1115 1196 quod
1158 1139 1251 1182 sine
1296 1154 1437 1181 errore
1485 1139 1617 1181 debet

212 1210 384 1254 Pascha
414 1211 622 1254 celebrari
654 1211 724 1253 die
761 1209 995 1252 Dominica
1026 1213 1125 1264 post
1169 1212 1372 1264 quartam
1406 1208 1616 1249 decimam

210 1279 360 1321 lunam
421 1295 519 1336 quae
579 1279 807 1321 invenitur
856 1278 928 1320 vel
978 1278 1024 1318 in
1078 1277 1341 1333 aequinoctio
1393 1276 1464 1318 vel
1516 1280 1616 1333 post

211 1349 522 1404 aequinoctium
588 1348 779 1400 vernale,
844 1350 1021 1404 propter
1093 1346 1444 1388 conformitatem
1508 1345 1616 1401 legis

212 1416 474 1460 Christianae
538 1417 594 1459 ad
656 1417 795 1473 legem
879 1416 1117 1471 antiquam,
1176 1418 1353 1471 propter
1439 1413 1614 1456 Paschae

210 1485 543 1535 solemnitatem,
597 1499 708 1541 queen
745 1484 886 1541 primo
939 1484 1025 1526 fuit
1076 1484 1124 1525 in
1176 1483 1291 1539 Lege
1333 1482 1518 1534 Veteri,2
1571 1486 1616 1524 et

209 1554 430 1610 praecessit
473 1554 586 1596 sicut
636 1553 779 1609 figura
833 1551 991 1594 ncvae3
1047 1551 1236 1594 Paschae.
1315 1550 1427 1593 Cum
1478 1551 1615 1606 igitur

210 1621 373 1664 veritas
448 1625 514 1664 est
585 1621 701 1678 quod
775 1619 1088 1677 aequinoctium
1170 1620 1228 1661 sit
1301 1619 1433 1661 tertio
1508 1618 1614 1661 Idus

211 1689 374 1741 Martii,
423 1694 468 1733 et
518 1689 723 1747 possibile
763 1692 831 1732 est
882 1689 999 1745 quod
1064 1688 1128 1730 ibi
1187 1689 1245 1730 sit
1300 1688 1407 1729 luna
1459 1691 1615 1743 quarta

210 1758 387 1810 decima,
420 1758 584 1801 scilicet
615 1759 663 1800 in
693 1760 851 1814 quarto
883 1758 1050 1799 decimo
1088 1771 1202 1798 anno
1247 1757 1357 1811 cycli
1404 1756 1614 1798 decenno-

209 1826 331 1878 valis,
377 1829 429 1869 ut
475 1827 617 1883 prima
663 1827 944 1882 computetur
994 1825 1134 1881 pridie
1183 1823 1408 1866 Kalendas
1462 1824 1615 1866 Martii

210 1909 337 1951 super
368 1905 394 1936 C
424 1895 610 1946 literam,
654 1897 828 1951 oportet
873 1893 989 1949 quod
1037 1892 1107 1934 die
1140 1892 1374 1934 Dominica
1414 1892 1614 1948 proxima

210 1966 308 2018 post
340 1962 466 2004 illum
498 1963 614 2004 diem
645 1962 703 2004 sit
740 1961 908 2004 Pascha
949 1961 1186 2003 secundum
1219 1962 1462 2003 veritatem.
1527 1960 1615 2003 Sed

210 2045 299 2072 non
330 2034 473 2086 potest
504 2031 560 2072 ab
591 2031 672 2072 hac
704 2034 860 2085 quarta
891 2029 1060 2071 decima
1101 2029 1208 2071 luna
1252 2030 1341 2071 dies
1384 2029 1616 2071 Dominica

210 2099 402 2155 elongari
433 2099 530 2155 plus
561 2113 693 2154 quam
724 2096 881 2154 usque4
913 2099 969 2140 ad
999 2098 1181 2140 tertium
1204 2098 1417 2140 decimum
1451 2098 1613 2140 Kalen—

210 2167 288 2209 das
319 2167 496 2223 Aprilis,
528 2171 581 2209 ut
611 2170 734 2223 patet
764 2167 812 2208 in
843 2166 1108 2208 kalendario.
1173 2166 1260 2209 Sed
1293 2167 1372 2208 hoc
1404 2170 1471 2209 est
1512 2171 1613 2209 ante

209 2236 488 2278 undecimum
543 2235 766 2278 Kalendas
818 2235 992 2291 Aprilis,
1056 2235 1133 2277 ubi
1193 2235 1383 2291 primum
1445 2235 1615 2277 Pascha

209 2305 397 2347 celebrat
442 2304 648 2356 ecclesia3
701 2317 834 2360 quare
876 2304 923 2344 in
965 2303 1042 2345 1110
1086 2318 1201 2345 anno
1251 2307 1406 2360 quarto
1449 2304 1613 2347 decimo

209 2374 318 2429 cycli
348 2388 437 2416 non
469 2372 760 2416 celebrabitur
803 2372 969 2414 Pascha
1019 2372 1256 2428 gloriosum
1289 2376 1484 2430 tempore
1524 2388 1611 2416 5110.

212 2442 271 2485 Et
322 2443 438 2484 idem
485 2442 644 2484 accidit
692 2441 740 2482 in
786 2441 917 2483 tertio
962 2455 1078 2483 anno
1110 2441 1231 2497 cycli,
1275 2444 1328 2483 ut
1374 2445 1496 2498 patet
1536 2457 1614 2499 per

208 2525 388 2553 aureum
418 2525 649 2553 numerum
679 2510 728 2552 in
759 2508 974 2552 Kalendis
1007 2510 1168 2552 Martii.
1210 2510 1327 2552 Nam
1358 2510 1612 2553 duodecimo

210 2579 432 2622 Kalendas
463 2579 639 2637 Aprilis,
674 2579 745 2621 vel
777 2578 896 2629 citra,
942 2578 1026 2620 erit
1058 2577 1233 2620 Pascha.
1297 2578 1357 2620 Et
1404 2579 1610 2634 quoniam

254 2734 261 2754 ¹
279 2732 516 2777 Hippocrates]
544 2734 740 2776 Hippoeras,
757 2738 789 2766 et
804 2744 858 2766 su-
988 2734 1000 2751 3
1015 2732 1120 2774 novae]
1148 2732 1237 2772 novi,
1255 2732 1294 2764 T.
1315 2733 1355 2765 B.

216 2797 285 2829 pra,
303 2788 342 2819 Τ.
994 2786 1000 2803 ’
1013 2787 1087 2827 plus
1103 2796 1196 2827 quam
1214 2786 1327 2827 usque]
1356 2785 1433 2826 nisi,
1452 2786 1491 2818 Τ.

255 2841 266 2858 ²
280 2839 364 2882 Leye
388 2838 514 2882 Veteri]
534 2839 652 2872 Veteri
666 2839 766 2882 Lege,
780 2839 819 2872 T.
