1964 3259
125 1889 199 1921 The
216 1891 284 1923 De-

123 1935 199 1976 luge
215 1936 296 1977 hap-

122 1981 229 2019 pened
244 1980 280 2011 in

122 2023 321 2057 November.

341 254 427 295 490
845 260 1018 292 ROGERI
1050 257 1247 291 BACONIS
1631 249 1750 306 [cAP.

342 381 531 423 donibus
571 379 698 423 Dios.
783 379 901 421 Nam
942 377 1056 421 Dios
1109 380 1176 420 est
1218 377 1482 430 November,
1525 380 1578 420 ut
1630 377 1751 422 Beda

341 449 495 492 scribit
539 452 583 492 et
616 447 758 491 Graeci
803 448 972 498 docent,
1007 450 1053 490 et
1099 447 1244 489 sciunt
1289 460 1439 488 omnes
1486 446 1562 501 qui
1605 446 1752 489 sciunt

341 518 586 574 intelligere
617 516 951 574 philosophiam,
985 519 1030 558 et
1062 516 1347 573 Scripturam,
1379 518 1423 558 et
1453 515 1672 566 historias,
1703 515 1752 558 in

341 588 502 644 quibus
545 600 659 642 saepe
703 585 922 627 mensium
970 585 1223 627 Graecorum
1266 584 1449 626 nomina
1493 583 1750 627 recitantur.

343 657 512 708 Quarto
556 656 674 696 errat
705 653 754 695 in
796 654 878 695 hoc
925 653 1044 709 quod
1077 653 1225 695 omnia
1266 652 1361 695 haec
1403 652 1635 694 confirmat
1676 665 1753 708 per

340 724 594 780 Josephum,
635 722 712 778 qui
763 721 831 763 his
883 722 1088 764 omnibus
1139 720 1416 764 contradicit.
1491 720 1610 762 Nam
1660 720 1753 762 haec

341 796 446 835 sunt
477 792 614 834 verba
639 791 669 834 J
672 790 821 848 osephi
839 789 872 832 :¹
910 790 1150 847 “Contigit
1181 793 1331 832 autem
1362 789 1456 844 haec
1484 788 1628 845 passio
1655 802 1753 831 sex-

343 868 365 884 “
397 860 633 904 centesimo
665 874 780 901 anno
812 858 1069 900 nativitatis
1099 858 1143 900 N
1148 873 1208 909 06,
1242 872 1390 900 mense
1427 857 1630 909 secundo,
1654 871 1753 912 quae

342 935 365 952 “
396 945 423 972 a
467 928 778 971 Macedonibus
810 927 923 970 Dios
953 930 1247 983 nuncupatur,
1279 926 1335 968 ab
1368 925 1572 967 Hebraeis
1604 928 1753 967 autem

343 1004 365 1020 “
396 998 452 1040 M
451 1011 662 1041 arescam.
726 996 797 1038 Sic
834 996 952 1038 enim
982 995 1031 1036 in
1068 995 1263 1051 AEgypto
1305 1009 1473 1036 annum
1515 993 1752 1036 constitue-

342 1071 366 1089 “
396 1069 532 1117 runt3
566 1064 709 1106 Moses
739 1066 889 1106 autem
919 1063 1088 1114 Niscm,
1112 1064 1257 1119 Aprili
1288 1077 1447 1113 mense,
1482 1077 1537 1104 ex
1557 1062 1754 1118 AEgypto

343 1140 365 1156 “
398 1133 613 1175 Hebraeos
644 1132 809 1174 eduxit.
873 1131 962 1173 Hic
993 1131 1112 1187 apud
1153 1145 1253 1172 eum
1284 1131 1332 1173 in
1362 1130 1531 1172 cunctis
1562 1130 1754 1171 muneri-

344 1209 366 1225 “
397 1203 480 1245 bus
512 1201 676 1244 divinis
706 1200 835 1242 valde
875 1199 1080 1256 pollebat.
1157 1199 1214 1241 In
1244 1199 1576 1241 venditionibus
1606 1201 1756 1239 autem

345 1277 367 1293 ‘⁴
399 1274 445 1314 et
477 1268 831 1326 exemptionibus
864 1271 909 1311 et
950 1268 1038 1310 alia
1067 1267 1390 1324 gubernatione
1420 1266 1578 1323 prioris
1609 1266 1757 1309 saeculi

344 1346 367 1362 “
398 1340 572 1382 decreta
603 1336 838 1380 servavit.''
901 1336 1012 1379 Haec
1041 1336 1181 1393 igitur
1211 1335 1319 1378 dicit
1350 1335 1577 1391 Josephus.
1644 1334 1758 1386 Qua-

342 1412 522 1465 propter
552 1422 650 1449 cum
681 1405 795 1449 Dios
826 1406 1065 1448 secundum
1097 1405 1357 1447 Macedones
1388 1404 1447 1445 sit
1477 1402 1757 1454 Novembris,

345 1481 390 1519 et
421 1477 680 1519 Maresucm
711 1475 770 1517 sit
803 1474 1043 1516 secundum
1080 1473 1294 1515 Hebraeos
1340 1473 1458 1515 idem
1500 1471 1674 1523 mensis,
1705 1474 1759 1513 ut

345 1545 469 1587 Beda
512 1545 640 1586 docet
683 1546 729 1585 et
760 1543 942 1585 Hebraei
974 1542 1133 1594 sciunt,
1166 1541 1454 1583 manifestum
1490 1542 1559 1582 est
1594 1538 1757 1596 Magis-

347 1618 468 1655 trum
511 1627 601 1654 non
643 1611 785 1654 solum
830 1611 988 1652 falsum
1021 1610 1184 1652 dixisse
1229 1610 1278 1651 in
1324 1609 1539 1664 positione
1584 1622 1663 1650 suo
1704 1608 1758 1649 de

350 1680 531 1731 diluvio,
584 1680 660 1722 sed
710 1693 791 1721 nec
842 1678 1114 1720 intellexisse
1166 1677 1422 1733 Josephum,
1462 1679 1508 1718 et
1558 1676 1599 1718 ei
1649 1675 1759 1717 falsa

349 1749 618 1806 imposuisse,
671 1747 776 1789 licet
827 1746 945 1797 falso,
1000 1749 1045 1788 et
1096 1760 1172 1801 per
1223 1759 1412 1788 errorem
1462 1758 1603 1796 suum,
1655 1744 1759 1799 quia

348 1817 570 1875 ignoravit
601 1816 783 1858 nomina
816 1815 968 1858 Graeca
998 1815 1214 1856 mensium
1246 1817 1291 1855 et
1324 1812 1525 1855 Hebraea.

409 1886 497 1928 Sed
537 1899 629 1927 non
675 1884 816 1926 solum
858 1883 952 1925 haec
995 1882 1115 1933 falsa,
1164 1881 1239 1923 sed
1270 1881 1374 1936 quia
1418 1880 1611 1922 aestimat
1641 1879 1759 1934 quod

347 1954 508 1997 mensis
539 1954 588 1995 in
632 1967 718 2009 quo
750 1951 916 2008 incepit
949 1950 1166 1993 diluvium
1200 1949 1288 1991 fuit
1330 1949 1489 1991 Maius.
1548 1947 1610 1989 Et
1640 1947 1758 1989 simi-

347 2024 447 2066 liter
477 2022 526 2064 in
548 2036 634 2078 quo
657 2020 799 2063 exivit
820 2020 918 2062 Noe
940 2020 993 2061 de
1014 2018 1155 2061 archa.
1215 2018 1365 2073 Atque
1385 2017 1527 2072 glossa
1558 2015 1761 2058 similiter

347 2094 464 2134 errat
490 2094 536 2133 et
567 2103 715 2132 omnes
745 2088 964 2145 theologi;
997 2087 1098 2143 quia
1128 2086 1277 2128 nullus
1308 2086 1386 2128 has
1416 2084 1634 2127 falsitates
1663 2098 1760 2140 per—

347 2160 455 2216 cipit
487 2161 876 2215 quantumcunque
909 2156 1001 2198 sint
1031 2155 1181 2211 magni
1212 2172 1222 2207 3
1275 2157 1320 2196 et
1361 2154 1442 2196 1106
1472 2156 1538 2195 est
1581 2154 1762 2209 propter

347 2227 646 2285 ignorantiam
678 2225 821 2268 Graeci
852 2227 898 2267 et
930 2223 1124 2266 Hebraei.
1188 2221 1359 2278 Cupro⁶2
1380 2221 1518 2278 igitur
1547 2220 1761 2277 probatur

349 2296 467 2352 quod
511 2296 559 2336 in
591 2293 837 2336 Novembri
882 2293 1047 2334 factum
1091 2293 1158 2333 est
1205 2289 1435 2340 diluvium,
1469 2291 1514 2331 et
1559 2288 1657 2330 Noe
1703 2302 1760 2330 ex

350 2379 449 2405 arca
478 2363 556 2405 illo
587 2376 734 2404 mense
775 2361 929 2404 exivit.
993 2359 1173 2402 Certum
1215 2361 1281 2400 est
1312 2358 1429 2400 enim
1461 2356 1578 2412 quod
1609 2356 1760 2398 eodem

350 2446 498 2474 mense
529 2431 670 2473 exivit
711 2444 797 2485 quo
828 2428 1030 2480 intravit,
1063 2428 1139 2469 sed
1172 2427 1225 2468 de
1256 2440 1402 2468 mense
1443 2426 1538 2480 ipso
1575 2424 1761 2479 quaestio

352 2502 427 2542 est.
492 2499 554 2540 Et
595 2497 738 2554 primo
769 2499 894 2552 patet
936 2510 1013 2551 per
1043 2495 1074 2537 J
1077 2494 1298 2550 osephum‚
1337 2493 1406 2535 cui
1438 2506 1588 2534 omnes
1620 2491 1760 2533 sancti

353 2568 467 2610 dant
497 2565 807 2608 auctoritatem
828 2564 875 2605 in
907 2562 1180 2619 expositione
1203 2561 1346 2603 Sacrae
1370 2560 1619 2616 Scripturae,
1644 2559 1762 2614 quod

352 2637 424 2678 hic
475 2635 637 2677 mensis
688 2636 755 2676 est
798 2631 1090 2682 Novembris3
1127 2629 1335 2685 quoniam
1366 2627 1478 2671 Dios
1524 2627 1760 2670 secundum

403 2858 411 2877 ¹
431 2857 586 2899 Josephi]
605 2856 723 2896 Antiq.
749 2856 827 2886 ibid.
1052 2855 1058 2895 Ι
1143 2852 1153 2870 ²
1169 2850 1285 2893 capro]
1306 2850 1378 2881 MS.
