1964 3259
221 244 341 300 vni]
677 256 983 288 COMPENDIUM
1013 257 1177 289 sTUDn.
1542 250 1629 295 487

220 373 400 421 morato,
446 384 492 414 se
534 371 718 414 inclinet
764 372 819 413 ad
866 372 1199 414 translationem
1243 375 1380 416 sextae
1422 374 1628 417 editionis

221 438 361 494 magis
392 453 523 494 quam
556 440 612 481 ad
655 439 869 495 quintam,
908 454 1005 494 quae
1049 440 1280 482 manifeste
1312 441 1422 483 falsa
1452 445 1530 494 est,
1577 447 1628 486 ut

220 510 355 562 patet,
388 521 477 549 non
507 510 685 564 propter
715 508 796 550 hoc
827 507 1102 550 concluditur
1134 509 1251 564 quod
1294 524 1373 565 pro
1405 511 1627 552 sententia

220 575 330 616 velit
351 574 661 631 Hieronymus,
695 576 812 630 quod
842 576 1100 631 nycticorax
1134 577 1192 618 sit
1223 581 1396 627 noctua,
1419 579 1495 620 sed
1526 579 1629 634 quia

220 641 350 698 longe
375 643 514 699 magis
543 643 748 685 videatur
779 646 823 685 et
864 643 1035 699 placeat
1066 645 1157 695 hoc,
1190 659 1322 700 quam
1353 647 1469 701 quod
1511 646 1626 688 dica-

220 712 296 751 tur
325 726 483 767 upupa,
507 711 623 766 quod
654 711 776 752 nullo
798 711 927 754 modo
953 714 1067 754 stare
1097 715 1256 767 potest.
1319 713 1491 756 Deinde
1512 715 1628 770 quod

220 776 354 820 infert
385 778 596 821 Hebraeos
639 778 909 821 Hebraicum
951 779 1212 822 vocabulum
1250 780 1332 822 hoc
1378 785 1628 824 construere

220 848 265 886 et
295 859 508 901 exponere
539 849 756 896 noctuam,
788 861 877 888 non
909 847 1053 902 cogit3
1085 848 1188 902 quia
1217 863 1371 890 verum
1403 853 1469 891 est
1512 849 1628 905 quod

220 912 357 967 aliqui
395 912 576 955 Hebraei
622 914 682 955 sic
729 914 1055 966 construebant,
1088 915 1163 957 sed
1206 916 1350 972 plures
1394 916 1626 969 bubonem,

218 983 271 1021 ut
301 980 446 1032 infert,
480 980 627 1023 dicens
658 984 838 1037 propter
866 982 1079 1025 Hebraeos
1111 983 1284 1034 dicitur,
1322 983 1499 1026 “factus
1531 1000 1628 1027 sum

219 1052 242 1069 ‘⁴
272 1048 386 1090 sicut
416 1047 615 1101 noctua,”
658 1064 737 1105 pro
770 1049 991 1093 Hebraico
1023 1051 1235 1094 vocabulo
1265 1052 1356 1102 hoc,
1391 1053 1508 1107 quod
1538 1054 1627 1108 ple-

219 1116 343 1172 rique
373 1116 593 1159 bubonem
640 1116 884 1174 significare
922 1121 1094 1174 putant.
1157 1119 1216 1161 Et
1257 1119 1356 1161 ideo
1387 1121 1497 1162 nihil
1533 1136 1629 1162 sen-

220 1185 383 1226 tentiat
427 1183 739 1240 HieronymuS,
777 1186 853 1228 sed
902 1186 1114 1242 relinquit
1163 1187 1211 1228 in
1255 1187 1404 1239 dubio,
1436 1202 1628 1233 asserens

220 1255 369 1294 tamen
400 1253 517 1308 quod
554 1253 748 1309 plerique
781 1253 1071 1296 Hebraeorum
1103 1255 1243 1297 velint
1273 1256 1494 1298 bubonem
1525 1272 1626 1307 esse,

221 1321 379 1375 quibus
399 1321 622 1362 consentio
652 1321 701 1362 in
732 1321 812 1363 hac
842 1325 977 1377 parte.
1040 1321 1352 1378 Adjiciendum
1385 1328 1452 1366 est
1482 1326 1626 1375 etiam,

222 1389 338 1444 quod
378 1389 560 1431 nomina
592 1392 696 1431 srmt
738 1390 962 1445 aequivoca
993 1391 1040 1431 in
1071 1391 1191 1432 omni
1220 1392 1384 1447 lingua,
1408 1396 1460 1434 ut
1505 1394 1626 1436 vide-

220 1472 317 1499 mus
346 1457 532 1499 infinitis
573 1458 725 1509 modis,
771 1472 860 1499 non
892 1458 1030 1499 solum
1071 1459 1118 1500 in
1150 1459 1333 1501 diversis
1363 1461 1627 1516 regionibus,

220 1526 297 1568 sed
320 1525 368 1567 in
399 1525 560 1567 eadem.
623 1525 682 1567 Et
713 1525 811 1567 ideo
843 1525 881 1568 si
911 1526 1114 1568 volumus
1145 1530 1319 1569 textum
1352 1528 1554 1571 Psalterii
1584 1534 1629 1571 et

218 1593 327 1649 legis
358 1593 487 1634 simul
516 1592 696 1643 salvare,
731 1597 776 1635 et
807 1607 956 1635 omnes
987 1597 1194 1647 auctores,
1228 1610 1455 1651 possumus
1487 1597 1627 1639 dicere

220 1661 337 1716 quod
366 1660 622 1717 nycticorax
643 1664 709 1703 est
730 1661 1004 1716 {equivocum
1026 1662 1083 1703 ad
1103 1666 1308 1705 noctuam
1330 1668 1375 1705 et
1394 1664 1624 1715 bubonem,

219 1730 291 1771 vel
331 1743 559 1771 commune
605 1728 806 1771 omnibus
849 1729 1006 1771 avibus
1048 1732 1273 1773 nocturnis
1304 1731 1376 1773 vel
1418 1732 1626 1788 pluribus.

222 1798 282 1839 Et
312 1797 372 1839 sie
410 1797 619 1850 Isidorus,
663 1800 708 1840 et
747 1797 1057 1853 Hieronymus,
1090 1802 1134 1840 et
1170 1799 1255 1850 leX,
1288 1803 1333 1841 et
1364 1799 1626 1841 Psalterium

222 1869 403 1921 possunt
463 1864 651 1920 intelligi
702 1864 915 1906 veraciter
969 1865 1269 1908 diversimode.
1351 1866 1439 1908 Sed
1499 1869 1626 1910 credo

222 1937 370 1974 tamen
401 1931 665 1973 sententiam
695 1932 883 1987 priorem
915 1946 1005 1974 esse
1036 1933 1267 1974 meliorem.

284 2000 498 2042 Similiter
531 1999 583 2040 de
613 1999 836 2054 pellicano,
869 2003 914 2042 et
955 2000 1258 2056 porphyrione,
1293 2004 1338 2044 et
1368 2003 1626 2055 onocrotalo,
1644 2003 1847 2038 Penicanus.

222 2068 329 2124 quid
359 2067 459 2117 sint,
501 2081 661 2122 magna
691 2066 910 2109 dubitatio
942 2071 1018 2119 est,
1050 2082 1130 2110 nec
1160 2072 1305 2124 potest
1334 2070 1497 2112 veritas
1529 2071 1629 2113 sciri

221 2136 309 2177 nisi
353 2150 431 2192 per
474 2135 715 2176 Hebraeum
755 2138 800 2177 et
837 2135 1047 2177 Graecum.
1110 2136 1227 2178 Nam
1271 2137 1396 2179 Brito
1438 2139 1629 2181 mendax

223 2203 329 2246 dicit
389 2203 506 2258 quod
557 2201 634 2243 ubi
694 2216 773 2245 nos
833 2203 1043 2245 habemus
1093 2205 1441 2260 porphyrionem,
1495 2206 1626 2250 Deut.

221 2274 376 2328 quarto
409 2271 588 2322 decimo,
624 2270 916 2327 Septuaginta
946 2271 1204 2327 interpretes
1240 2272 1414 2324 habent,
1441 2274 1629 2330 pellica-

220 2353 347 2382 num.
411 2339 472 2381 Et
506 2338 790 2395 proculdubio
819 2338 971 2395 glossae
1010 2339 1310 2382 interlineares
1344 2342 1627 2397 magistrales,

221 2408 296 2449 sed
326 2407 541 2457 mendose,
573 2407 654 2449 hoc
686 2407 847 2448 dicunt.
911 2406 999 2449 Sed
1036 2408 1112 2462 qui
1143 2407 1223 2450 scit
1255 2408 1455 2451 Graecum
1486 2414 1630 2466 potest

220 2475 268 2516 in
300 2474 451 2518 Graeco
481 2475 646 2517 ibidem
693 2475 855 2517 discere
898 2475 1015 2530 quod
1045 2474 1307 2531 pellicanum
1353 2480 1397 2518 et
1439 2479 1629 2534 porphy—

220 2543 388 2586 rionem
429 2543 559 2585 simul
601 2543 830 2598 conjungit
874 2545 1055 2594 textus3
1101 2546 1145 2585 et
1186 2543 1284 2586 ideo
1326 2559 1416 2587 non
1446 2549 1630 2600 possunt

223 2624 312 2652 esse
343 2611 470 2663 idem,
503 2611 579 2653 sed
610 2611 819 2653 animalia
850 2611 1033 2661 diversa,
1067 2611 1171 2666 quia
1201 2611 1317 2653 idem
1348 2613 1509 2653 animal
1539 2627 1629 2654 non

225 2681 482 2720 numeratur
511 2679 590 2720 bis.
645 2679 920 2734 Quapropter
939 2679 1178 2719 tenendum
1200 2682 1264 2720 est
1295 2681 1409 2734 quod
1439 2681 1630 2736 porphy-

224 2745 288 2785 rio
335 2749 380 2786 et
423 2745 658 2801 pellicanus
705 2749 808 2786 sunt
854 2745 1026 2786 diversa
1076 2745 1313 2797 animalia3
1359 2750 1404 2789 et
1449 2748 1630 2789 ulterius

227 2813 344 2868 quod
392 2813 627 2868 pellicanus
674 2816 718 2855 et
762 2813 1036 2856 onocrotalus
1077 2817 1180 2855 sunt
1211 2813 1336 2856 idem.
1405 2815 1522 2857 Nam
1554 2815 1630 2858 ubi
