1964 3259
289 262 443 317 LXIII]
795 272 909 303 opus
940 271 1154 303 TERTIUM.
1606 260 1689 301 259

289 388 494 440 Statium,
527 392 571 431 et
617 388 795 430 nomina
837 388 989 444 primae
1033 390 1078 428 et
1123 385 1324 427 secund-ae
1373 385 1689 436 declinationis,

287 459 338 497 ut
379 457 587 513 chiragra,
620 458 824 513 podagra,
869 469 1070 511 ceragra3
1116 454 1163 495 in
1197 453 1363 503 Exodo,
1398 467 1570 508 onager,
1604 467 1691 494 sar-

286 525 517 581 cophagus.
570 525 866 581 Excipiuntur
896 523 1162 578 Areopagus,
1197 536 1432 578 praesagus,
1466 521 1691 576 suffragor.

347 609 376 635 (ξι,
407 598 508 636 ante
541 593 556 635 l
592 594 828 644 breviatur,
874 596 925 634 ut
972 592 1195 641 Tantalus,
1232 591 1448 647 Caligula,
1488 590 1688 642 bubalus,

287 662 548 717 cymbalum,
609 660 890 710 onocrotalus,
935 663 987 701 ut
1037 660 1085 701 in
1131 658 1328 701 Levitico
1380 662 1424 700 et
1476 658 1689 699 Deutero-

286 730 457 783 nomia3
504 733 549 772 et
595 729 782 786 genitivi
827 728 1054 770 masculini
1086 728 1266 784 generis,
1298 729 1350 768 ut
1383 725 1653 767 Hannibalis
1681 742 1688 767 :

286 798 361 839 sed
393 798 672 854 excipiuntur
703 797 884 847 annalis,
919 797 1094 848 extales,
1126 795 1365 851 vectigalis.

344 881 373 908 α
414 870 515 908 ante
557 881 606 908 ‘m
652 866 888 917 breviatim
933 868 984 907 ut
1029 864 1293 916 Semiramis,
1345 863 1550 919 pyramis,
1601 862 1690 904 cin-

284 949 474 976 namum.
537 934 668 977 Unde
702 934 849 975 Macer
889 933 1102 990 [lxxiii.]:

319 1026 342 1045 “
365 1022 580 1064 Cinnama
610 1025 698 1064 tres
730 1022 890 1077 species
923 1021 1131 1062 dicuntur
1151 1020 1320 1069 habere,
1355 1019 1430 1060 sed
1460 1017 1653 1059 harum.'’

285 1107 372 1150 Sed
403 1108 451 1149 in
491 1111 648 1150 neutro
687 1121 845 1164 genere
885 1106 1028 1149 tertiae
1072 1105 1377 1148 declinationis
1418 1104 1684 1160 producitur,

283 1180 334 1219 ut
366 1177 569 1228 solamen,
602 1177 856 1232 thymiama.

343 1260 373 1287 co
404 1249 507 1287 ante
543 1260 579 1287 n
613 1244 849 1296 breviatur,
882 1246 934 1285 ut
967 1243 1176 1293 Helcana,
1202 1242 1463 1298 Bragmana,
1498 1240 1683 1296 ptisana,

283 1313 533 1368 galbanum,
579 1313 783 1362 Libanus,
831 1311 1044 1367 platanus
1095 1312 1324 1367 Garganus
1375 1324 1453 1365 pro
1499 1308 1684 1350 homine.

287 1380 373 1422 Sed
405 1380 633 1437 Garganus
664 1395 743 1436 pro
785 1383 935 1422 monte
968 1379 1233 1435 producitur.
1303 1378 1436 1420 Unde
1482 1377 1685 1419 Lucanus

287 1449 344 1504 [V.
370 1450 487 1505 380]
511 1466 518 1490 z

405 1539 428 1556 “
449 1534 650 1589 Appulus
682 1533 891 1575 Adriacas
924 1533 1017 1574 exit
1050 1532 1279 1587 Garganus
1310 1531 1357 1571 in
1388 1528 1566 1570 undas”

283 1616 544 1658 Derivativa
577 1630 679 1657 vero
710 1615 1021 1670 producuntur,
1053 1618 1104 1656 ut
1138 1613 1388 1669 Spartanus,
1434 1612 1684 1664 Romanus3

282 1688 326 1725 et
355 1685 521 1739 obliqui
566 1684 642 1739 qui
672 1683 859 1725 veniunt
891 1698 917 1724 a
947 1683 1124 1724 nomine
1176 1682 1400 1723 desinente
1446 1681 1492 1722 in
1524 1695 1597 1730 cm,
1633 1683 1684 1722 ut

279 1752 422 1802 Titan,
458 1753 638 1794 Titanis.
712 1752 844 1794 Unde
876 1752 1101 1792 Lucanus:

535 1852 554 1865 ‘⁴
579 1844 638 1885 Et
669 1844 789 1899 longi
821 1843 1008 1884 volvunt
1040 1842 1199 1883 Titana
1230 1839 1435 1882 labores.”

283 1928 342 1970 Et
393 1929 489 1970 ideo
552 1928 784 1984 pelicanus,
848 1927 1041 1983 pelicani,
1097 1926 1228 1967 debet
1294 1924 1509 1981 produci3
1580 1938 1683 1965 nam

284 1997 432 2038 Graece
476 1997 719 2038 declinatur
749 1995 934 2052 pelicum
976 1995 1106 2049 hujus
1152 1993 1353 2044 nominis,
1399 2008 1425 2033 a
1467 2006 1551 2047 quo
1598 1992 1683 2033 for-

283 2068 430 2105 matur
466 2064 699 2120 pelicanus,
738 2066 911 2104 mutato
955 2077 979 2104 0
1021 2063 1068 2103 in
1099 2075 1186 2113 αῖς,-
1220 2064 1263 2103 et
1295 2060 1461 2116 obliqui
1491 2060 1539 2101 in
1582 2075 1685 2115 pen--

282 2132 441 2173 ultima
487 2132 898 2174 circumflectuntur.
983 2130 1069 2172 Sed
1110 2144 1335 2186 nunquam
1378 2129 1558 2184 syllaba,
1601 2128 1686 2169 nisi

281 2200 339 2241 sit
379 2201 642 2242 naturaliter
687 2200 828 2255 longa,
875 2198 1238 2241 circumflectitur.
1315 2197 1442 2248 Quod
1483 2197 1619 2251 igitur
1660 2211 1686 2236 a

275 2268 392 2324 pelle
423 2272 468 2310 et
499 2283 612 2310 como
645 2268 716 2310 vel
753 2281 897 2309 canus
919 2269 1216 2322 componatur,
1250 2269 1302 2306 ut
1333 2265 1393 2306 sic
1426 2279 1502 2321 per
1532 2263 1685 2305 falsam

281 2337 636 2392 compositionem
681 2336 889 2392 probetur
931 2336 1048 2391 quod
1094 2334 1337 2391 penultima
1377 2333 1435 2374 sit
1476 2336 1684 2387 correpta,

280 2419 398 2446 error
442 2410 507 2447 est
550 2420 639 2446 non
682 2405 821 2446 solum
866 2408 1042 2460 propter
1090 2404 1218 2453 dicta,
1266 2402 1339 2444 sed
1387 2401 1491 2456 quia
1538 2401 1686 2442 Graece

280 2473 486 2515 scribitur
516 2474 597 2515 hoc
628 2487 788 2514 nomen
811 2487 887 2528 per
918 2487 1055 2514 unum
1079 2471 1105 2521 l,
1129 2475 1173 2513 et
1197 2471 1396 2513 Graecum
1417 2484 1577 2511 nomen
1597 2484 1687 2510 non

281 2542 558 2597 componitur
589 2557 615 2583 a
647 2542 820 2593 Latino,
850 2541 953 2596 quia
996 2541 1149 2596 lingua
1179 2539 1299 2595 prior
1340 2553 1429 2580 non
1473 2537 1687 2593 dependet

279 2623 305 2649 a
334 2610 573 2664 posteriori.

339 2676 532 2718 Nomina
577 2677 721 2718 tertiae
756 2676 1062 2718 declinationis
1099 2675 1411 2731 producuntur,
1446 2676 1498 2713 ut
1529 2671 1685 2713 Jorda-

281 2758 374 2793 nus,
408 2744 631 2786 Nichanor
662 2745 709 2785 in
742 2744 1017 2786 Macbabaeis.

340 2825 369 2852 α
401 2816 504 2853 ante
538 2827 564 2853 ‘r'
593 2813 640 2854 in
675 2812 918 2867 primitivis
941 2811 1179 2860 breviatur,
1212 2813 1264 2851 ut
1305 2809 1461 2858 Sisara,
1498 2807 1683 2858 Geraris,

279 2879 476 2931 Acharis,
501 2879 720 2930 Eucharis,
746 2883 791 2921 et
812 2879 1078 2936 hujusmodi:
1106 2877 1352 2920 derivativa
1372 2877 1685 2934 producuntur,

1413 2957 1442 2987 R
1479 2947 1504 2986 2
