1964 3259
334 266 420 307 406
841 276 1011 308 11000111
1043 275 1238 308 0110οΝ10
1626 267 1742 323 [CAP.

333 393 451 449 piter
487 393 555 435 hic
590 394 842 437 succumbit.
909 395 1078 437 Caetera
1120 408 1223 436 vero
1260 408 1358 449 quae
1389 394 1529 450 magis
1562 396 1741 451 propin-

336 476 422 517 qua
463 464 567 504 sunt
608 462 676 505 his
716 463 762 504 in
803 463 1036 505 nobilitate
1072 465 1244 505 naturae
1284 465 1389 504 sunt
1436 462 1660 515 coelestia;
1701 466 1747 505 et

334 529 395 572 sic
451 531 504 572 de
552 528 681 572 rebus
718 531 1006 574 nobilioribus
1042 534 1240 588 respectu
1283 531 1481 573 aliorum.
1567 531 1745 583 Quanto

336 597 453 640 enim
481 599 650 641 nobiles
673 603 778 642 sunt
814 600 862 642 in
894 604 1057 643 natura
1085 615 1172 650 sua,
1206 603 1337 643 tanto
1370 600 1516 642 minus
1548 613 1599 642 ea
1635 614 1747 642 com-

336 668 659 723 prehendimus,
693 668 806 711 sicut
837 669 1024 725 quilibet
1055 669 1290 727 experitur.

113 753 191 786 Sins
206 754 244 785 of
398 736 582 779 Peccato
622 752 725 780 vero
768 737 970 794 originali
1022 737 1082 780 sic
1134 740 1438 795 corrumpente
1489 752 1581 790 nOS,
1624 738 1749 781 adest

113 800 267 875 gffissmis‘
338 805 478 860 majus
522 805 900 862 impedimentum,
946 806 1109 849 scilicet
1160 810 1337 864 peccata
1382 807 1561 864 propria
1606 807 1748 863 cujus-

117 869 266 922 anot’her.
336 874 454 917 libet.
519 875 567 917 Si
604 875 719 918 enim
751 876 944 919 alienum
978 880 1203 933 peccatum
1245 879 1436 919 excaecat
1476 876 1749 918 intellectum

337 943 537 995 hominis,
563 944 691 1001 longe
723 944 863 1001 magis
893 948 1119 1001 peccatum
1150 945 1401 1002 proprium3
1433 944 1509 987 sed
1539 944 1620 987 1100
1650 945 1749 986 nul-

339 1012 407 1053 lus
443 1013 532 1055 fere
574 1012 832 1065 considerat,
865 1016 910 1055 et
951 1013 1049 1055 ideo
1091 1016 1265 1069 oportet
1307 1013 1424 1069 quod
1468 1028 1628 1070 magna
1670 1013 1751 1055 fiat

339 1081 572 1123 excaecatio
613 1081 661 1122 in
697 1082 776 1124 1100
827 1082 1003 1124 mundo.
1081 1081 1320 1133 Quodlibet
1363 1082 1480 1124 enim
1523 1086 1750 1138 peccatum

339 1150 521 1191 mortale
544 1152 610 1191 est
631 1149 956 1205 depravationis
984 1149 1182 1202 infinitas,
1206 1165 1310 1191 nam
1337 1151 1524 1192 offendit
1552 1151 1749 1193 divinam

340 1218 614 1274 majestatem
659 1233 757 1274 quae
800 1218 980 1260 infinita
1023 1222 1099 1261 est.
1163 1218 1377 1261 Similiter
1418 1219 1521 1274 quia
1553 1219 1749 1261 divinam

340 1287 613 1343 sapientiam,
637 1302 734 1343 quae
765 1287 942 1329 infinita
972 1290 1049 1340 est,
1073 1293 1116 1330 et
1148 1286 1391 1330 bonitatem
1424 1287 1621 1330 divinam
1653 1303 1750 1343 quae

341 1356 543 1398 similiter
574 1360 640 1398 est
682 1356 868 1408 infinita,
918 1371 1019 1412 ergo
1060 1370 1231 1398 necesse
1275 1360 1341 1398 est
1385 1357 1501 1412 quod
1543 1356 1752 1413 depravet

341 1425 559 1467 hominem
608 1425 761 1467 morbo
806 1425 995 1478 infinito,
1027 1425 1219 1467 maxime
1265 1425 1470 1478 animam,
1504 1440 1580 1481 per
1619 1440 1751 1481 quam

341 1493 394 1535 fit
423 1497 662 1550 peccatum,
689 1497 734 1535 et
763 1493 811 1534 in
844 1508 931 1550 qua
962 1493 1273 1536 damnabiliter
1303 1493 1548 1550 requiescit.
1615 1494 1752 1550 Cujus

341 1562 477 1603 etiam
527 1562 765 1603 infinitatis
811 1562 1011 1618 probatio
1063 1565 1140 1612 est,
1185 1563 1301 1618 quod
1344 1565 1571 1618 peccatum
1613 1577 1752 1604 unum

341 1630 534 1687 corrupit
564 1633 709 1672 totum
741 1645 878 1686 genus
908 1630 1160 1680 humanum,
1194 1630 1311 1686 quod
1344 1631 1608 1673 naturaliter
1639 1631 1753 1672 mul-

341 1699 579 1755 tiplicabile
600 1702 666 1741 est
701 1698 748 1739 in
769 1698 1006 1751 infinitum,
1039 1702 1172 1754 atque
1204 1698 1418 1754 obligavit
1448 1699 1591 1755 ipsum
1623 1713 1754 1755 poena

342 1766 557 1819 infernali,
591 1781 689 1822 quae
733 1770 799 1808 est
845 1767 1022 1809 infinita
1069 1765 1313 1818 duratione,
1347 1770 1393 1809 et
1436 1767 1640 1809 similiter
1684 1767 1751 1809 in-

341 1836 523 1889 tensive,
557 1840 776 1892 quantum
807 1838 953 1891 potest
983 1849 1134 1892 capere
1166 1838 1374 1878 creatura.
1437 1835 1525 1878 Sed
1560 1835 1753 1878 maxime

342 1909 465 1963 patet
498 1905 696 1947 infinitas
729 1905 1056 1960 depravationis
1089 1905 1267 1960 peccati,
1303 1904 1420 1960 quod
1453 1904 1565 1945 nihil
1597 1907 1752 1960 poten-

342 1976 418 2017 11εο
460 1974 610 2025 finitae,
666 1974 828 2016 scilicet
871 1973 995 2015 nulla
1041 1976 1237 2015 creatura
1277 1987 1399 2030 pura,
1433 1974 1580 2029 potuit
1626 1973 1755 2016 satis-

342 2043 481 2085 facere
517 2056 595 2099 pro
626 2046 802 2098 peccato
826 2057 836 2094 ;
869 2043 943 2084 sed
976 2042 1172 2098 oportuit
1210 2042 1350 2083 filium
1382 2042 1478 2095 Dei,
1522 2042 1643 2098 cujus
1687 2045 1754 2084 est

346 2112 524 2153 infinita
554 2111 765 2168 potentia,
800 2126 897 2153 cum
939 2111 998 2152 sit
1030 2111 1162 2160 Deus,
1195 2110 1441 2153 satisfacere
1485 2110 1579 2153 Deo
1625 2111 1753 2167 patri.

122 2182 325 2226 Corrupting
344 2182 475 2224 Unde
528 2196 626 2222 cum
679 2180 827 2222 anima
867 2179 1029 2221 habeat
1070 2182 1157 2221 tres
1198 2182 1356 2235 partes,
1398 2194 1474 2221 seu
1514 2179 1639 2232 vires,
1677 2194 1753 2221 seu

118 2228 322 2306 fflceutlfflieof
342 2249 575 2306 potentias,
608 2252 661 2291 ut
698 2248 981 2305 philosophus
1024 2247 1230 2303 loquitur,
1263 2247 1427 2289 scilicet
1472 2262 1605 2289 unam
1653 2262 1754 2290 con-

118 2317 175 2348 the
191 2318 287 2350 soul:
345 2319 654 2360 siderationem
731 2317 932 2360 veritatis
1010 2330 1108 2371 quae
1180 2319 1363 2358 vocatur
1427 2317 1552 2368 ratio,
1620 2316 1752 2357 aliam

117 2371 318 2445 ssssffioggsjre
345 2401 442 2442 quie
495 2385 712 2427 desiderat
756 2388 801 2426 et
845 2387 966 2426 amat
1011 2384 1258 2436 veritatem,
1305 2398 1403 2439 quae
1448 2387 1631 2426 vocatur
1673 2399 1750 2426 vo-

119 2450 253 2525 {al-asca
343 2456 502 2507 luntas,
540 2457 585 2496 et
626 2453 803 2496 tertiam
845 2468 942 2508 quae
986 2456 1191 2508 operatur
1234 2453 1472 2494 secundum
1502 2452 1597 2494 vias
1638 2453 1751 2494 veri-

144 2497 224 2537 zzs).
342 2523 450 2566 tatis
502 2536 598 2578 quae
651 2521 812 2563 dicitur
862 2520 1104 2571 irascibilis,
1157 2519 1260 2561 licet
1318 2520 1432 2562 male
1497 2520 1750 2562 nominetur

343 2595 558 2650 quantum
605 2590 661 2632 ad
691 2588 936 2631 naturalem
969 2591 1135 2630 statum
1166 2587 1283 2630 illius
1313 2588 1536 2644 potentiae,
1568 2589 1644 2631 sed
1676 2604 1751 2646 op-

343 2663 450 2704 time
481 2662 699 2717 quantum
730 2658 787 2700 ad
820 2660 985 2699 statum
1029 2656 1346 2712 corruptionis3
1400 2657 1504 2713 quia
1545 2657 1611 2699 ira
1652 2658 1750 2714 plus

346 2730 443 2772 aliis
503 2728 628 2771 vitiis
679 2727 786 2769 facit
836 2726 1059 2768 hominem
1112 2724 1287 2768 deviare
1337 2740 1364 2767 a
1413 2729 1532 2769 recta
1578 2726 1750 2769 ratione

346 2798 585 2856 operandi3
646 2797 716 2839 hae
747 2796 927 2852 inquam
959 2799 1048 2838 tres
1070 2794 1281 2851 potentiae
1313 2793 1473 2838 animae
1504 2808 1582 2852 per
1612 2795 1749 2851 quod-

344 2869 454 2911 libet
515 2869 743 2924 peccatum
794 2864 976 2908 mortale
1028 2866 1375 2921 corrumpuntur.
1463 2864 1581 2906 Nam
1635 2865 1748 2907 ratio
