1964 3259
192 250 239 307 r]
744 258 982 291 APPENDIX
1015 258 1043 290 L
1509 247 1590 287 525

188 389 324 432 genus
366 375 478 431 regit
519 378 563 416 et
616 374 839 430 gubernat.
935 373 993 413 Et
1044 371 1143 413 ideo
1192 371 1288 412 istae
1343 370 1428 412 viae
1491 373 1593 411 sunt

187 447 346 500 prseter
376 443 601 498 sapientiae
642 441 911 489 documenta,
945 441 1078 482 immo
1110 437 1285 495 potius¹
1331 438 1377 479 in
1421 441 1590 479 contra-

187 512 303 553 rium
354 514 598 567 operantur,
641 524 719 551 nec
760 523 954 564 unquam
997 522 1098 550 vere
1140 506 1495 563 philosophantes
1538 505 1589 547 de

189 579 256 623 his
297 594 373 622 sex
415 579 555 621 modis
597 583 873 622 curaverunt.

798 768 996 812 CAP.11.

279 875 346 917 Dc
398 874 739 926 characteribus,
779 872 1077 926 carminibus,
1122 877 1160 916 a
1202 887 1360 917 eoram
1403 888 1506 916 usa.

251 979 376 1031 QUID
436 994 538 1021 vero
601 979 655 1021 de
716 979 993 1031 carminibus,
1049 981 1093 1020 et
1155 979 1492 1030 characteribus,
1549 982 1592 1020 et
1618 990 1757 1022 Channs

189 1046 440 1103 hujusmodi
483 1047 607 1089 aliis²
651 1047 709 1088 sit
760 1047 1008 1096 tenendum,
1063 1047 1284 1089 considero
1347 1062 1423 1103 per
1480 1047 1595 1089 hunc
1616 1036 1825 1111 ssfignssssl'fflts

189 1115 380 1157 modum.
464 1115 580 1157 Nam
637 1115 923 1171 proculdubio
967 1115 1114 1157 omnia
1169 1116 1422 1171 hujusmodi
1477 1131 1592 1158 nunc
1615 1123 1791 1174 unworthy

191 1183 400 1239 temporis
434 1187 537 1225 sunt
574 1183 692 1233 falsa,
717 1187 761 1225 et
799 1183 959 1226 dubia:
999 1198 1102 1224 nam
1134 1184 1331 1239 quaedam
1366 1187 1470 1226 sunt
1508 1199 1597 1225 om-
1616 1169 1721 1202 ofthe
1735 1179 1824 1200 “⁷¹⁵⁶‘'

189 1251 293 1293 nino
347 1251 669 1293 irrationabilia
721 1266 816 1307 quae
874 1252 1121 1308 philosophi
1171 1253 1493 1296 adinvenerunt
1551 1254 1599 1294 in

193 1319 396 1375 operibus
437 1324 608 1362 naturae
652 1322 696 1361 et
748 1320 866 1369 artis,
920 1324 972 1362 ut
1024 1324 1189 1362 secreta
1231 1321 1501 1362 occultarent
1543 1321 1598 1362 ab

190 1387 394 1443 indignis.
463 1387 586 1430 Sicut
618 1387 655 1428 si
689 1388 867 1429 omnino
900 1391 1012 1429 esset
1044 1388 1244 1445 ignotum
1268 1389 1384 1445 quod
1421 1404 1598 1445 magnes

190 1455 384 1498 traheret
426 1455 602 1507 ferrum,
646 1459 689 1497 et
732 1456 889 1511 aliquis
931 1456 1083 1498 volens
1125 1456 1204 1498 hoc
1247 1472 1354 1513 opus
1396 1457 1598 1513 perficere

191 1538 334 1565 coram
375 1524 546 1580 populo,
604 1523 765 1565 faceret
808 1524 1077 1566 characteres
1119 1529 1163 1567 et
1206 1526 1401 1567 carmina
1437 1525 1600 1580 profer-

192 1595 269 1642 ret,
305 1606 359 1633 ne
393 1592 685 1647 perciperetur
717 1591 832 1646 quod
868 1595 1013 1633 totum
1049 1607 1155 1648 opus
1187 1595 1465 1637 attractionis
1490 1598 1601 1636 esset

193 1659 422 1701 flatui-ale.³
498 1659 595 1701 Hoc
637 1663 782 1701 totum
825 1673 931 1715 opus
974 1664 1085 1702 esset
1127 1662 1288 1703 error.⁴
1351 1662 1423 1705 Sic
1464 1664 1602 1719 igitur

194 1742 325 1783 quam
376 1727 565 1783 plurima
629 1728 676 1769 in
718 1728 863 1769 verbis
916 1728 1268 1785 philosophorum
1328 1732 1601 1773 occultantur

195 1795 345 1836 mult-is
400 1795 552 1846 modis,
593 1795 640 1836 in
684 1795 842 1850 quibus
885 1796 1057 1851 sapiens
1101 1797 1232 1839 debet
1269 1798 1380 1840 hanc
1444 1799 1602 1841 habere

192 1863 483 1919 prudentiam,
542 1868 592 1904 ut
640 1863 832 1904 carmina
884 1868 928 1905 et
971 1864 1240 1906 characteres
1297 1867 1505 1923 negligat,
1559 1872 1602 1909 et

194 1945 300 1986 opus
333 1934 504 1972 natur-ae
548 1934 593 1972 et
649 1931 757 1972 artis
800 1932 982 1986 probet;
1028 1936 1071 1974 et
1104 1933 1164 1974 sic
1197 1940 1286 1975 tam
1329 1949 1395 1976 res
1437 1936 1602 1977 anima-

193 2003 261 2041 tas
304 2013 433 2054 quam
482 1999 747 2040 inanimatas
801 1999 980 2041 videbet
1029 2000 1275 2043 adinvicem
1334 2017 1598 2054 concurrere,

195 2070 371 2123 propter
432 2070 602 2108 naturae
661 2066 1025 2119 conformitatem,
1091 2082 1181 2109 non
1232 2074 1410 2126 propter
1462 2072 1603 2114 virtu-

194 2138 285 2176 tem
329 2134 626 2176 characterum
659 2135 729 2175 vel
773 2135 989 2178 carminis.
1053 2136 1112 2178 Et
1154 2137 1213 2178 sic
1256 2138 1398 2180 multa
1440 2144 1603 2181 secreta

199 2205 370 2244 naturae
426 2206 469 2253 et
527 2202 633 2243 artis
687 2202 964 2244 ‘aestimantur
1020 2203 1074 2245 ab
1136 2204 1323 2247 indoctis
1397 2209 1601 2263 magica,

194 2273 238 2312 et
275 2269 432 2325 magici
463 2270 690 2311 confidunt
726 2270 859 2312 stulte
893 2270 1211 2315 characteribus
1248 2277 1292 2316 et
1325 2276 1600 2326 carminibus,

196 2336 345 2394 quod5
399 2339 459 2379 eis
513 2339 737 2394 praebeant
791 2339 1035 2392 virtutem3
1097 2344 1142 2382 et
1191 2357 1267 2397 per
1328 2344 1601 2386 secutionesG

195 2421 345 2449 eorum
403 2406 658 2462 relinquunt
733 2421 840 2462 opus
902 2411 1072 2450 naturae
1134 2410 1205 2451 vel
1257 2411 1364 2453 artis
1422 2417 1601 2469 propter

195 2488 384 2517 errorem
426 2474 670 2517 carminum
718 2478 762 2517 et
799 2475 1108 2520 characterum.
1173 2477 1232 2520 Et
1266 2479 1326 2521 sic
1367 2484 1601 2536 utrumque

243 2674 357 2704 ¹1'mmo
379 2673 505 2715 potius]
531 2673 604 2705 ideo
636 2674 764 2713 melius,
793 2674 867 2706 MS.
985 2675 995 2692 ⁴
1015 2675 1086 2706 Hoc
1110 2700 1117 2708 .
1144 2701 1150 2708 .
1177 2701 1184 2708 .
1209 2678 1313 2719 error]
1342 2688 1405 2710 om.
1432 2678 1474 2710 H.

242 2727 252 2744 ²
275 2725 366 2767 aliis]
394 2736 456 2756 om.
484 2726 520 2758 C.
983 2728 994 2745 ⁵
1010 2728 1110 2770 quod]
1138 2739 1223 2769 cum,
1239 2730 1311 2762 MS.

242 2779 304 2809 ³713
315 2779 535 2820 perceperetur
563 2803 570 2810 .
595 2803 603 2811 .
628 2803 636 2810 .
664 2804 670 2811 .
695 2778 858 2820 natm-ale]
987 2782 998 2798 ⁶
1010 2792 1071 2822 per
1100 2783 1291 2826 secutiones]
1326 2793 1384 2825 pro
1416 2785 1611 2818 assecurati-

197 2836 234 2865 ut
260 2830 471 2872 perficeretur
494 2831 701 2863 attractionis
732 2831 794 2871 vis,
818 2832 856 2865 C.
941 2843 1014 2873 one,
1033 2833 1069 2866 C.
1085 2833 1129 2868 H.
