1964 3259
215 253 298 308 xi]
663 266 968 297 COMPENDIUM
1000 267 1163 297 srunn.
1524 258 1609 300 509

210 381 372 423 scilicet
419 383 820 438 antepenultimam,
867 384 936 425 cui
980 387 1145 425 caetcrae
1183 388 1422 426 consonant
1455 388 1498 427 et
1545 400 1612 428 ac-

210 453 443 491 cantantur
475 451 572 493 aiize
604 452 793 507 syllabae.
859 452 973 493 Sunt
995 451 1208 508 prosodiae
1231 453 1386 494 decem.
1450 453 1612 496 Primae

210 518 307 560 diue
350 523 453 560 sunt
495 534 639 562 macra
681 523 725 561 et
756 520 942 570 brachia,
976 521 1021 562 id
1065 524 1140 569 est,
1186 521 1316 576 longa
1361 524 1405 562 et
1453 521 1610 564 brevis.

211 587 269 627 Et
301 591 513 629 vocantur
545 592 740 644 tempora
771 590 886 644 apud
919 589 1113 639 Graecos3
1148 593 1320 644 tempus
1356 590 1537 646 longum
1570 595 1614 632 et

209 655 370 707 breve3
403 671 499 712 qua}
530 657 681 712 primae
714 657 972 699 dimensioni
1004 658 1313 709 assimilantur,
1353 661 1403 699 ut
1434 658 1614 713 praedic-

209 727 304 765 tum
350 729 424 766 est.
488 726 547 766 Et
590 726 668 767 hoc
715 726 938 767 sciendum
976 730 1040 767 est
1085 726 1137 767 de
1182 726 1262 778 his,
1300 726 1421 781 quod
1469 742 1613 769 macra

210 807 284 834 seu
315 793 445 849 longa
476 794 712 835 denotatur
753 809 829 850 per
859 794 1017 836 lineam
1060 797 1223 836 rectam
1267 794 1452 849 positam
1485 810 1614 850 super

209 861 422 915 syllabam
455 863 523 911 sic,
570 863 693 917 (—);
726 866 770 903 et
801 862 976 904 brachia
1019 862 1219 918 prosodia
1262 862 1497 904 denotatur
1540 878 1616 918 per

209 928 454 971 inferiorem
507 933 674 985 partem
721 930 867 972 circuli
919 931 988 981 sic,
1024 931 1135 986 (w).
1198 931 1311 974 Duae
1363 945 1466 972 vero
1517 931 1614 973 alite

208 997 419 1051 prosodiae
464 1001 566 1039 sunt
599 997 735 1040 dccsia
767 1002 811 1040 et
852 998 980 1054 psilzt,
1030 1003 1074 1040 et
1117 1002 1330 1040 vocantur
1362 1004 1614 1054 neupmata

207 1066 321 1121 apud
356 1066 537 1116 Graecos,
571 1070 614 1108 et
646 1066 825 1122 spiritus
857 1070 900 1108 et
942 1067 1228 1122 aspirationes
1259 1067 1378 1122 apud
1410 1082 1517 1119 nos3
1566 1072 1609 1109 et

206 1134 503 1176 assimilantur
545 1135 744 1177 secundae
788 1135 1062 1186 dimensioni,
1110 1138 1161 1176 ut
1194 1135 1361 1177 dictum
1412 1139 1486 1177 est.
1552 1136 1611 1177 Et

208 1203 360 1258 figurae
391 1203 545 1244 harum
593 1218 648 1245 ex
692 1203 829 1245 causis
876 1206 1040 1245 notatae
1087 1207 1190 1244 sunt
1234 1203 1354 1258 prius
1372 1220 1381 1254 3
1429 1203 1612 1260 ideoque

208 1272 599 1326 pertranseundum
642 1275 715 1313 est.
779 1271 1014 1313 Sciendum
1077 1276 1225 1313 autem
1291 1272 1407 1326 quod
1472 1273 1613 1313 omnis

207 1339 368 1381 vocalis
420 1343 563 1396 potest
614 1340 793 1395 aspirari
846 1340 1082 1382 secundum
1126 1340 1326 1390 Graecos3
1380 1343 1423 1381 et
1467 1340 1613 1396 ypsilo

206 1413 382 1464 propter
413 1409 677 1450 tenuitatem
709 1409 804 1450 soni
847 1424 1012 1464 semper
1043 1409 1273 1464 aspiratur,
1309 1424 1442 1464 quum
1486 1409 1609 1465 poni-

208 1484 282 1518 tur
325 1478 371 1518 in
416 1477 630 1534 principio
662 1477 894 1529 dictionis;
943 1481 986 1519 et
1032 1477 1174 1518 omnis
1218 1477 1351 1519 dictio
1396 1477 1608 1534 incipiens

208 1560 234 1586 a
266 1546 406 1587 vocali
439 1546 570 1587 habet
600 1549 751 1587 notam
784 1545 965 1587 alterius
1008 1545 1299 1601 aspirationis.
1365 1545 1423 1587 Et
1455 1547 1615 1588 vocalis

208 1629 376 1670 semper
422 1614 641 1669 aspiratur
686 1629 712 1655 a
758 1617 882 1669 parte
914 1616 1027 1663 ante,
1074 1617 1124 1656 ut
1177 1614 1284 1655 dicit
1337 1613 1610 1663 Priscianus,¹

208 1683 311 1737 quia
343 1683 482 1724 omnis
515 1697 602 1723 vox
646 1682 741 1737 plus
786 1685 913 1723 sonat
960 1696 1095 1737 quum
1147 1682 1426 1737 postponitur
1483 1698 1613 1738 quam

208 1765 341 1806 quum
373 1751 666 1806 anteponitur,
711 1750 823 1792 sicut
854 1750 945 1805 ipse
978 1750 1094 1800 dicit,
1130 1754 1306 1806 propter
1339 1751 1455 1805 quod
1501 1753 1612 1807 aspi-

207 1820 318 1861 ratio
350 1834 438 1861 non
471 1819 601 1861 debet
647 1819 750 1874 poni
782 1822 890 1874 post,
935 1833 990 1860 ne
1032 1818 1162 1860 nimis
1207 1819 1412 1861 intendat
1459 1834 1611 1861 sonum

207 1888 366 1930 vocalis
400 1902 496 1942 quae
540 1888 727 1929 multum
759 1887 891 1928 habet
923 1887 976 1928 de
1019 1901 1134 1938 sono,
1169 1890 1212 1929 et
1245 1887 1342 1928 ideo
1374 1888 1413 1928 ei
1447 1903 1611 1944 praepo-

207 1956 340 1998 nitur.
406 1955 492 1997 Set]
540 1955 796 1997 consonanti
835 1955 1115 2010 postponitur
1146 1959 1197 1997 ut
1229 1956 1418 1997 multum
1465 1957 1610 1998 inten-

207 2024 339 2066 datur
370 2038 510 2075 sonuS,
545 2038 594 2065 eo
627 2024 741 2078 quod
784 2037 1021 2065 consonans
1063 2038 1216 2079 parum
1258 2023 1390 2065 habet
1423 2025 1475 2066 de
1507 2040 1610 2066 sono

206 2096 402 2148 respectu
434 2092 605 2141 vocalis,
654 2096 698 2133 et
740 2091 837 2133 ideo
883 2091 1090 2147 aspiratio
1135 2091 1231 2147 plus
1275 2092 1468 2134 adhaeret
1512 2108 1610 2135 con-

207 2161 465 2203 sonantibus
511 2175 641 2216 quam
687 2159 919 2201 vocalibus
1000 2160 1115 2201 Nam
1161 2160 1277 2215 apud
1321 2165 1608 2202 consonantes

207 2229 366 2270 transit
398 2229 443 2269 in
477 2228 767 2270 substantiam
799 2228 894 2269 soni
926 2242 1085 2277 eorum,
1125 2231 1175 2269 ut
1207 2229 1313 2270 dicit
1345 2228 1605 2280 Priscianus,

205 2298 394 2339 maxime
436 2297 482 2338 in
514 2297 661 2346 mutis,
694 2296 797 2351 quia
828 2295 1129 2351 imperfectum
1161 2296 1325 2337 habent
1362 2312 1527 2347 sonum,
1563 2303 1606 2339 et

204 2366 301 2407 ideo
334 2380 464 2407 sonus
496 2379 644 2406 eorum
677 2363 939 2406 naturaliter
971 2364 1188 2406 desiderat
1210 2364 1435 2406 fortificari
1467 2366 1605 2421 magis

205 2449 335 2490 quam
382 2434 476 2475 soni
533 2433 716 2474 aliarum
759 2433 995 2484 literarum,
1039 2433 1142 2488 quia
1194 2448 1261 2474 res
1314 2433 1606 2489 imperfectior

203 2503 341 2559 magis
394 2502 563 2558 indiget
605 2500 874 2557 perfectione.
958 2500 1044 2542 Sed
1097 2505 1231 2543 mutae
1283 2502 1399 2543 inter
1452 2516 1602 2543 omnes

203 2571 398 2612 homines
429 2570 594 2612 habent
625 2584 779 2610 sonum
812 2569 951 2625 magis
984 2569 1294 2625 imperfectum.
1372 2570 1431 2610 Et
1464 2570 1603 2611 solum

204 2641 488 2679 consonantes
540 2638 655 2692 apud
704 2637 876 2679 Graecos
921 2637 1022 2678 forti
1069 2637 1345 2692 aspiratione,
1395 2652 1493 2692 quae
1540 2643 1603 2679 est

671 2852 678 2870 ¹
697 2851 905 2893 Priscianus]
933 2851 1010 2882 ibid.
1036 2862 1066 2892 p.
1085 2855 1112 2883 8.
