1964 3259
196 229 257 287 v.]
645 237 953 270 COMPENDIUM
984 237 1150 269 srunn.
1510 227 1593 269 431

197 357 303 399 dum
333 356 429 399 vias
471 356 575 400 fidei
622 370 754 412 quam
797 354 976 406 subditi,
1019 357 1070 396 ut
1120 353 1306 409 apostoli
1349 356 1393 395 et
1436 368 1598 396 succes-

197 440 312 467 sores
344 440 502 467 eorum.
582 424 710 477 Quod
741 423 1100 479 qualitercunque
1143 421 1479 477 intelligendum
1532 423 1598 472 sit,

195 498 345 536 tamen
395 494 565 550 praelati
617 491 898 534 sustinebunt
950 504 1099 532 causas
1151 503 1250 531 suas
1302 492 1347 531 et
1392 489 1598 532 honorem

196 562 431 618 proprium,
485 565 530 603 et
581 559 831 602 doctoribus
893 558 1169 601 saecularibus
1226 557 1451 609 favebunt,
1514 559 1599 599 nisi

195 630 329 673 suerit
362 630 518 686 aliquis
546 629 623 685 qui
652 629 876 684 religiosus
919 631 1029 670 esset
1069 627 1139 669 Vel
1181 626 1392 684 religiosis
1423 641 1600 670 consen-

196 700 302 741 tiret
337 698 514 755 pietatis
545 711 718 740 causam
749 696 938 738 intuens.

256 767 361 808 Non
411 780 636 823 possumus
682 779 841 821 negare
893 764 1001 820 quin
1050 764 1257 820 perfectio
1300 763 1465 819 duplex
1514 764 1572 805 sit
1589 780 1598 816 3

197 849 286 876 una
335 835 383 875 in
434 833 574 876 officio
625 833 850 889 regiminis
903 836 947 875 et
1001 833 1287 883 auctoritatis,
1327 836 1371 874 et
1417 832 1503 874 alia
1534 836 1599 874 est

196 903 402 960 perfectio
454 902 702 958 spiritualis.
767 901 946 943 Certum
987 904 1053 943 est
1094 901 1210 956 quod
1261 901 1434 957 praelati
1483 915 1599 942 nunc

196 970 418 1027 temporis,
454 971 567 1013 sicut
608 985 786 1026 semper,
842 970 1093 1030 habuerunt
1135 970 1442 1012 auctoritatem
1488 970 1599 1026 regi-

197 1040 357 1090 minis3
408 1040 483 1081 sed
534 1054 592 1081 an
641 1039 812 1081 ratione
865 1042 1008 1081 status
1058 1039 1250 1080 habeant
1290 1039 1601 1095 perfectionem

198 1108 442 1157 secundam,
471 1107 677 1163 judicant
708 1107 793 1163 ipsi
825 1108 900 1163 qui
944 1107 1083 1163 magis
1135 1107 1386 1160 laudantur,
1429 1108 1602 1163 quando

196 1177 509 1233 ingrediuntur
560 1176 828 1232 religionem,
874 1179 919 1218 et
964 1175 1264 1231 approbantur
1304 1176 1358 1217 ab
1400 1176 1603 1218 omnibus

199 1245 472 1287 Christianis.
537 1244 626 1296 Qui
668 1244 800 1286 etiam
833 1259 888 1286 ex
920 1244 1236 1286 constitutione
1278 1245 1369 1286 sola
1408 1245 1602 1286 occiden-

197 1313 299 1354 talis
330 1312 517 1355 ecclesiae
547 1315 768 1355 voventur
799 1313 1016 1365 castitate,
1049 1312 1106 1354 ad
1137 1327 1269 1368 quam
1300 1313 1347 1354 in
1378 1313 1605 1369 primitiva

199 1382 375 1424 ecclesia
424 1395 514 1422 non
565 1381 746 1423 fuerunt
797 1381 977 1433 astricti,
1036 1395 1116 1423 nec
1176 1381 1316 1424 adhuc
1369 1381 1509 1424 Graeci
1561 1385 1604 1424 et

200 1449 432 1492 orientales
479 1449 625 1491 oaeteri
665 1450 721 1491 ad
755 1449 836 1491 hoc
883 1452 1037 1491 votum
1078 1449 1134 1491 ab
1166 1450 1343 1492 ecclesia
1389 1451 1602 1492 constrin-

198 1521 375 1574 guntur.
437 1518 629 1561 Videant
662 1519 777 1574 quod
828 1518 995 1574 largam
1047 1518 1343 1560 obedientiam
1395 1518 1602 1560 habeant.

201 1586 317 1638 Quia
368 1586 556 1642 episcopi
607 1586 853 1642 generalem
905 1586 1200 1627 obedientiam
1252 1586 1414 1628 debent
1466 1587 1603 1628 archi-

199 1654 408 1710 episcopis
440 1658 484 1696 et
514 1669 650 1710 papae,
685 1657 729 1695 et
760 1657 942 1710 possunt
973 1654 1035 1696 ire
1068 1669 1152 1710 quo
1184 1654 1352 1705 volunt,
1386 1658 1431 1697 et
1470 1655 1605 1697 libere

197 1722 335 1764 facere
367 1722 521 1764 omnia.
576 1722 663 1764 Sed
694 1722 886 1778 religiosi
917 1737 1006 1764 non
1036 1727 1217 1779 possunt
1248 1724 1401 1779 pedem
1433 1739 1606 1766 movere

199 1805 277 1832 nec
328 1791 496 1846 aliquid
549 1790 689 1833 facere
742 1791 834 1832 sine
881 1791 1186 1846 specialissimo
1228 1792 1409 1848 imperio
1451 1792 1604 1848 praela-

199 1862 356 1900 torum.
439 1860 507 1902 De
557 1862 818 1915 paupertate
879 1859 1062 1915 planum
1120 1863 1186 1902 est
1238 1862 1355 1915 quod
1414 1861 1605 1916 religiosi

200 1927 357 1968 saltem
403 1927 452 1968 in
494 1927 670 1983 proprio
716 1927 829 1968 nihil
865 1927 1025 1970 habere
1066 1932 1248 1983 possunt
1265 1945 1274 1980 3
1318 1929 1392 1970 sed
1433 1929 1606 1986 praelati

195 1995 329 2051 juxta
381 1998 549 2037 statum
601 2010 727 2037 suum
780 1995 982 2037 omnibus
1043 1996 1272 2038 abundant
1333 1997 1380 2038 in
1431 1999 1606 2054 propria

200 2066 427 2119 potestate.
492 2062 638 2104 Multa
675 2063 883 2105 dicuntur
924 2063 994 2105 hic
1037 2078 1064 2104 a
1105 2064 1329 2120 magistris
1374 2066 1605 2122 theologiae

201 2131 478 2173 saecularibus
509 2134 662 2173 contra
711 2131 805 2173 ista.
869 2131 956 2173 Sed
1001 2135 1167 2174 certum
1211 2135 1277 2174 est
1324 2135 1440 2189 quod
1470 2135 1606 2176 verba

200 2200 366 2242 habent
409 2214 639 2251 venenosa,
684 2199 821 2256 gratis
863 2199 1069 2242 oberrant
1108 2215 1134 2242 a
1164 2201 1341 2243 tramite
1392 2202 1603 2246 veritatis.

203 2268 251 2310 Si
305 2268 468 2310 deliciis
519 2271 677 2324 agatur
728 2271 773 2309 et
814 2269 984 2324 pompis
1023 2270 1177 2311 mundi
1217 2270 1497 2313 manifestum
1539 2276 1605 2314 est

201 2338 319 2394 quod
350 2340 599 2393 repugnant
630 2337 768 2378 statui
811 2337 1061 2393 religionis3
1108 2341 1154 2379 et
1197 2342 1300 2380 sunt
1341 2340 1605 2382 tollerabiles

200 2406 293 2447 sive
324 2405 463 2461 magis
495 2404 762 2447 excusabiles
794 2405 841 2446 111
871 2405 1072 2461 praelatis.
1121 2406 1188 2448 De
1220 2408 1408 2449 statibus
1439 2423 1607 2465 semper

201 2473 271 2515 hic
300 2474 463 2529 loquor,
487 2474 588 2515 licet
618 2474 665 2515 in
696 2475 889 2529 personis
919 2475 1055 2530 possit
1086 2475 1187 2517 hinc
1217 2476 1318 2518 inde
1349 2491 1439 2518 esse
1465 2478 1606 2519 diver-

202 2543 340 2594 sitas;
402 2543 504 2598 quia
553 2542 639 2584 fuit
680 2542 821 2584 Judas
863 2543 910 2584 in
955 2546 1077 2585 statu
1109 2544 1333 2596 altissimo,
1366 2549 1410 2587 et
1456 2550 1604 2588 tamen

202 2609 600 2665 imperfectissimus
651 2610 748 2661 fuit,
782 2611 914 2653 immo
948 2614 1069 2653 totus
1100 2612 1249 2653 malus.
1313 2613 1350 2653 E
1397 2628 1602 2655 converso

203 2677 250 2718 in
281 2678 561 2732 praelatorum
595 2679 867 2720 saecularium
904 2693 1086 2721 numero
1117 2680 1247 2721 multi
1277 2680 1383 2721 boni
1414 2685 1518 2722 sunt
1558 2686 1603 2724 et

204 2745 354 2786 sancti.
417 2745 477 2787 Et
509 2746 743 2800 aliquando
775 2747 1001 2788 invenitur
1031 2747 1187 2802 aliquis
1219 2749 1335 2804 apud
1371 2763 1441 2790 eos
1482 2749 1604 2804 cujus

206 2813 414 2855 sanctitas
445 2827 533 2855 non
564 2813 789 2856 invenitur
819 2815 937 2870 apud
969 2814 1159 2870 reliquos
1200 2815 1327 2858 istius
1369 2819 1602 2873 temporis3

1615 774 1771 806 Insinua-

1617 819 1703 850 tions
1720 818 1759 849 of
1769 818 1825 849 the

1617 863 1819 895 adversaries

1617 908 1655 939 of
1666 908 1721 938 the
1737 914 1802 939 two

1616 953 1727 983 orders

1619 996 1796 1028 answered.
