1964 3259
259 258 388 316 LXIL]
782 267 896 300 opus
927 269 1138 300 TERTIUM.
1575 261 1655 300 251

259 392 281 409 “
314 386 542 442 suspendit
572 383 630 427 in¹
665 386 874 441 patibulo,
913 388 964 425 ut
985 383 1239 438 conjectoris
1267 384 1430 426 veritas
1462 386 1664 441 probare-

260 460 283 476 “
315 453 426 497 tur.’'
486 455 631 496 Debet
652 454 769 495 enim
791 452 951 494 elevari
973 455 1161 507 punctus
1192 455 1290 507 post
1311 453 1422 495 illud
1452 452 1509 495 in
1534 454 1661 509 pati-

260 522 374 572 bulo,
408 522 511 577 quia
542 521 850 563 determinatio
882 520 1068 561 refertur
1114 520 1170 561 ad
1215 523 1480 577 utrumque3
1519 522 1595 564 sed
1627 522 1662 563 si

258 591 506 646 proximum
538 589 666 631 debet
699 588 990 630 determinare
1012 591 1199 638 tantuin,
1222 591 1328 631 tuno
1350 593 1448 645 post
1469 590 1661 646 primum

259 657 590 700 determinabile
627 656 757 698 debet
795 656 889 697 fieri
921 659 1108 711 punctus
1160 656 1392 710 elevatus3
1444 661 1495 699 ut
1533 658 1662 700 Lucae

260 727 448 768 secundo
464 725 570 781 [7.]:
630 724 729 765 “Et
775 724 933 780 pannis
965 738 1064 766 eum
1095 724 1296 775 involvit,
1345 729 1390 767 613
1435 726 1664 768 reclinavit

261 798 284 816 ‘⁶
316 808 415 836 eum
447 794 493 834 in
536 792 758 848 praesepio,
793 792 896 847 quia
926 807 1016 833 non
1047 795 1142 833 erat
1175 793 1214 834 ei
1245 793 1362 835 loeus
1393 794 1441 834 in
1473 793 1664 835 diverso-

263 865 285 883 “
317 859 418 903 rio.’'
461 860 594 902 Unde
616 863 713 915 post
744 859 856 900 illud
887 859 1079 902 involvit
1110 860 1240 902 debet
1267 864 1454 916 punctus
1476 861 1667 913 elevari3

260 933 305 970 et
347 927 498 969 multis
529 927 626 969 aliis
656 927 797 969 modis
831 928 1029 970 variatur
1059 930 1287 984 punctatio
1319 933 1497 986 propter
1528 930 1668 972 deter-

259 996 560 1039 minationem.

321 1064 512 1121 Negatio
564 1078 668 1106 vero
721 1064 957 1119 aliquando
1019 1069 1153 1121 negat
1213 1067 1364 1118 multa,
1429 1067 1665 1123 aliquando

261 1147 428 1185 unum3
491 1135 535 1174 613
578 1132 675 1174 ideo
728 1133 903 1188 quando
955 1133 1143 1176 includit
1193 1135 1331 1191 plura,
1384 1150 1473 1177 non
1524 1139 1667 1191 potest

261 1201 357 1242 fieri
388 1203 578 1256 punctus
625 1200 822 1242 elevatus
863 1204 1099 1256 antequam
1142 1206 1378 1259 utrumque
1421 1204 1666 1260 proferatur

262 1268 342 1310 sub
374 1270 606 1324 negatione
624 1285 633 1319 3
665 1271 717 1310 ut
751 1269 896 1310 Exodi
930 1269 1184 1312 duodecimo
1203 1272 1314 1328 [4.]:
1363 1277 1386 1294 “
1405 1272 1484 1314 Sin
1516 1276 1664 1314 autem

263 1340 285 1359 “
318 1337 462 1377 minor
494 1339 561 1377 est
592 1351 800 1378 numerus
823 1340 874 1378 ut
895 1336 1081 1380 sufficiat
1112 1340 1169 1381 ad
1196 1341 1459 1383 vescendum
1491 1356 1665 1397 agnum,

261 1407 286 1426 “
319 1403 547 1455 assumet-,5⁷
580 1406 657 1446 eto.
721 1404 837 1445 Nam
859 1405 961 1460 quia
981 1420 1071 1447 non
1117 1409 1414 1451 consideratur
1443 1410 1513 1452 hie
1551 1412 1667 1465 quod

263 1471 440 1528 negatio
483 1471 615 1527 hujus
659 1471 863 1514 dictionis
906 1472 994 1525 sin,
1026 1474 1213 1517 includit
1257 1480 1402 1519 totum
1432 1493 1568 1534 usque
1611 1481 1667 1522 ad

262 1540 450 1581 verbum
493 1543 702 1590 assumet,
755 1540 853 1582 ideo
905 1541 1104 1583 moderni
1155 1549 1441 1601 corrumpunt
1491 1550 1666 1588 textum

263 1608 504 1662 antiquum,
554 1610 598 1648 et
629 1607 800 1649 addunt
834 1609 1112 1664 negationem
1133 1612 1291 1654 adhoc
1331 1615 1514 1656 verbum
1545 1616 1668 1672 suffi-

264 1674 387 1726 ciat;
426 1675 619 1716 dieentes
651 1675 771 1731 quod
802 1689 900 1718 ozon
930 1677 1158 1733 sufficiat?
1220 1679 1307 1722 Sed
1337 1682 1418 1724 hoe
1450 1686 1516 1725 est
1547 1699 1668 1741 mag-

264 1741 404 1784 num3
456 1742 780 1795 inconveniens,
818 1745 921 1799 quia
963 1747 1200 1802 apponitur
1229 1751 1407 1806 negatio
1439 1766 1535 1806 quae
1578 1767 1668 1793 non

263 1810 351 1852 fuit
394 1826 421 1852 a·
470 1811 733 1853 translatore
794 1813 951 1867 posita,
1004 1814 1115 1857 siout
1175 1821 1300 1872 patet
1351 1819 1459 1874 Ρ61·4
1520 1834 1667 1863 omnes

261 1877 481 1933 antiquos.
565 1878 625 1920 Et
678 1878 824 1920 Exodi
870 1881 1054 1936 septimo
1071 1882 1213 1939 [13.]:
1269 1885 1368 1927 “Et
1410 1887 1667 1929 induratum

267 1950 287 1968 “
322 1949 388 1987 est
431 1960 503 1987 eor
535 1945 785 1997 Pharaonis,
835 1951 879 1989 et
922 1963 1011 1990 non
1057 1951 1230 1993 audivit
1275 1967 1357 2005 eos,
1405 1955 1517 1996 sicut
1558 1970 1667 2011 prae-

268 2018 290 2035 ‘⁶
324 2017 497 2069 ceperat
531 2013 786 2066 Doininus‚''
832 2019 1020 2070 punctus
1051 2019 1248 2061 elevatur
1300 2022 1357 2062 ad
1392 2022 1666 2074 Pharaom's,

265 2083 310 2123 et
340 2095 430 2122 non
462 2081 518 2122 ad
550 2095 630 2132 608,
678 2082 780 2136 quia
809 2084 985 2139 negatio
1017 2089 1083 2127 est
1125 2087 1437 2139 similitudinis,
1477 2094 1521 2132 et
1552 2092 1669 2133 cadit

265 2163 396 2204 super
428 2152 575 2190 totum
622 2150 738 2204 quod
785 2152 990 2206 sequitur.
1053 2154 1103 2196 Si
1148 2156 1264 2198 enim
1309 2158 1435 2199 fieret
1479 2163 1667 2215 punctus

264 2217 461 2258 elevatus
508 2217 564 2258 ad
611 2231 690 2268 608,
736 2221 843 2261 tuno
888 2222 1169 2276 protenderet
1219 2226 1405 2280 prolatio
1457 2229 1667 2270 sermonis

264 2286 382 2340 quod
414 2285 632 2326 Dominus
679 2287 886 2343 praecepit
917 2292 968 2330 ut
998 2289 1279 2334 induraretur
1315 2309 1387 2336 cor
1418 2294 1664 2347 Pharaonis,

265 2357 311 2395 et
333 2353 450 2408 quod
480 2368 569 2395 non
602 2355 831 2397 exaudiret
853 2370 934 2398 eos.
999 2357 1085 2400 Sed
1105 2375 1195 2401 non
1222 2363 1428 2419 praecepit
1451 2363 1667 2407 Dominus

264 2419 375 2472 hoc,⁵
405 2436 484 2462 neo
516 2424 580 2463 est
622 2421 812 2465 intentio
850 2426 1057 2468 sermonis
1075 2442 1084 2477 3
1126 2432 1171 2470 et
1206 2432 1357 2472 tamen
1387 2432 1546 2488 vulgus
1578 2449 1668 2476 non

264 2491 388 2530 curat
410 2490 624 2544 quomodo
653 2491 911 2546 proferatur.
976 2493 1037 2536 Et
1073 2510 1151 2551 per
1182 2498 1413 2541 relationes
1447 2504 1491 2542 et
1527 2501 1669 2557 impli-

264 2557 468 2608 cationes,
492 2560 536 2598 et
569 2558 720 2600 multis
749 2559 847 2601 aliis
880 2561 1032 2612 modis,
1065 2565 1275 2617 variatur,
1298 2570 1350 2609 ut
1383 2571 1517 2624 patet.
1580 2569 1667 2611 Sed

265 2637 402 2664 sermo
433 2638 621 2679 praesens
652 2626 779 2681 plura
808 2642 898 2669 non
927 2630 1118 2685 requirit.

310 2758 317 2776 ¹
337 2759 387 2800 in]
415 2769 478 2790 om.
499 2760 539 2792 T.
1047 2768 1057 2785 '¹
1069 2768 1147 2810 per]
1174 2779 1238 2800 om.
1255 2769 1294 2801 T.

309 2811 321 2828 ²
337 2810 421 2850 quod
435 2822 495 2842 non
511 2813 670 2856 sufficiat]
698 2826 762 2848 om.
781 2816 819 2848 Τ.

314 2863 326 2880 ³
341 2864 502 2906 maynum]
530 2875 593 2897 om.
611 2865 651 2898 Τ.
1047 2873 1059 2889 ⁵
1074 2871 1148 2914 hoc]
1175 2883 1240 2905 om.
1259 2874 1298 2907 T.
