1964 3259
131 819 242 850 Value

130 863 170 895 of
194 863 251 895 the

131 908 267 940 ancient

132 952 225 993 philo
233 972 240 976 -

130 998 250 1039 sophy.

356 273 442 315 421
863 279 1034 312 nocem
1067 276 1260 311 nAcoms
1639 267 1758 322 [CAP.

353 405 398 444 et
428 401 608 443 liberius
639 399 687 442 in
719 414 770 442 ea
800 399 947 456 potuit
978 412 1131 440 vacare
1163 395 1389 453 sapientiae
1421 397 1467 437 et
1499 395 1760 451 contempla-

354 471 465 513 tioni
517 471 679 512 futurze
731 469 984 519 felicitatis3
1016 467 1130 509 sicut
1181 480 1270 507 non
1323 464 1462 507 solum
1514 464 1617 505 libri
1669 464 1761 519 ejus

354 543 587 592 testantur,
621 539 697 580 sed
729 538 805 579 alii
836 536 1094 593 philosophi,
1128 537 1172 576 et
1213 549 1302 576 non
1335 534 1475 575 solum
1508 533 1650 575 Graeci
1687 533 1761 575 sed

356 609 516 650 Latini.
591 608 724 650 Unde
756 606 924 648 Tullius
966 605 1121 661 quinto
1156 603 1459 655 Quaestionum
1501 602 1762 643 Tusculana-

354 692 463 727 rum,
499 680 543 718 et
586 676 742 731 quinto
774 674 1136 716 Academicorum
1167 669 1304 723 libro,l
1334 671 1429 727 jam
1477 671 1607 713 dictae
1639 670 1762 712 testi-

355 745 551 787 monium
584 744 786 801 perhibet
817 742 1007 785 veritati.

419 814 507 856 Sed
554 814 607 855 de
654 812 927 855 notabilibus
959 810 1099 853 civilis
1131 809 1326 852 scientia}
1358 807 1613 851 Aristotelis
1644 823 1765 864 inag-

358 898 441 924 nus
502 883 612 924 liber
672 881 814 923 factus
864 880 962 930 fuit,
1015 882 1060 921 et
1112 878 1403 935 dignissimus,
1469 881 1513 919 et
1574 877 1766 919 maxime

358 951 620 994 conveniens
666 950 751 1006 legi
800 948 1075 998 Christianae,
1123 947 1226 1003 quia
1264 947 1316 988 de
1360 947 1523 988 eisdem
1566 949 1632 988 est
1692 946 1766 988 lex

357 1019 608 1062 Aristotelis
670 1021 714 1060 et
775 1018 849 1059 lex
902 1016 1165 1067 Christiana,
1213 1016 1314 1057 licet
1361 1015 1502 1057 multa
1545 1015 1766 1056 addantur

354 1089 403 1130 in
454 1088 549 1144 lege
597 1086 862 1136 Christiana,
910 1100 1008 1140 quae
1051 1084 1272 1126 excellunt
1324 1098 1496 1125 omnem
1527 1083 1766 1124 humanam

354 1157 583 1199 scientiam
614 1156 662 1196 in
694 1154 931 1196 infinitum.
987 1152 1080 1194 Lex
1128 1152 1244 1193 enim
1289 1151 1543 1193 Christiana
1583 1150 1768 1192 assumit

355 1225 562 1281 quicquid
595 1224 779 1281 dignum
813 1226 878 1265 est
914 1222 961 1263 in
993 1221 1088 1277 lege
1121 1220 1240 1262 civili
1278 1218 1586 1276 philosophica.
1652 1219 1768 1270 Quo-

354 1295 475 1337 niam
520 1295 639 1335 Deus
683 1292 805 1334 dedit
852 1289 1122 1348 philosophis
1166 1303 1339 1330 omnem
1376 1288 1622 1338 veritatem,
1656 1287 1769 1328 sicut

355 1364 496 1405 sancti
549 1363 718 1411 docent,
782 1363 828 1402 et
880 1358 1075 1400 maxime
1128 1356 1408 1414 Augustinus
1459 1355 1647 1398 secundo
1701 1355 1769 1397 De

355 1432 569 1474 Doctrina
593 1427 892 1481 (3111·161161111,2
925 1431 970 1469 61
1001 1427 1206 1468 hortatur
1240 1425 1514 1468 Christianos
1539 1428 1590 1466 ut
1612 1439 1767 1465 aurum

356 1500 595 1557 sapientiae,
630 1502 676 1541 et
707 1500 942 1554 argentum
987 1495 1249 1551 eloquentiae
1283 1493 1523 1536 Christiani
1567 1492 1769 1534 auferant

354 1584 381 1610 a
428 1567 708 1625 philosophis,
756 1569 968 1621 tanquam
1015 1565 1070 1605 ab
1122 1562 1298 1619 injustis
1343 1561 1669 1618 possessoribus,
1725 1564 1769 1603 et

356 1641 568 1692 tanquam
613 1634 839 1691 proprium
874 1632 1147 1675 Christianis.
1213 1631 1250 1672 O
1296 1645 1427 1685 quam
1475 1629 1641 1671 nobiles
1673 1644 1767 1670 sen-

355 1706 519 1748 tentias
571 1704 802 1761 proferunt
864 1700 1111 1757 philosophi
1165 1699 1218 1741 de
1266 1699 1373 1750 Deo,
1427 1701 1471 1740 et
1534 1698 1586 1739 de
1637 1698 1769 1739 beata

357 1774 590 1825 Trinitate,
625 1775 670 1814 et
702 1772 755 1813 de
788 1769 1089 1812 incarnatione
1114 1767 1218 1809 Filii
1240 1767 1338 1819 Dei,
1360 1770 1405 1808 et
1436 1767 1488 1808 de
1512 1765 1698 1817 Christo,
1724 1769 1768 1808 et

358 1846 411 1888 de
454 1845 585 1886 beata
616 1843 812 1899 Virgine,
847 1845 891 1883 et
924 1841 976 1883 (16
1019 1839 1197 1896 angelis,
1231 1841 1276 1880 et
1312 1838 1364 1880 (16
1397 1837 1679 1887 daemonibus,
1724 1841 1768 1879 et

357 1915 410 1956 de
456 1912 624 1968 judicio
665 1911 801 1961 finali,
851 1913 895 1952 et
947 1909 1000 1951 (16
1042 1908 1181 1965 gloria
1227 1906 1404 1957 coelesti,
1453 1909 1498 1948 et
1543 1906 1595 1948 (16
1638 1920 1771 1962 poena

356 1981 574 2032 infernali,
621 1983 665 2023 et
698 1980 752 2021 de
796 1978 1102 2035 reprobatione
1144 1976 1362 2017 malarum
1393 1975 1552 2030 legum,
1588 1977 1632 2016 et
1674 1989 1770 2030 quae

358 2052 415 2093 sit
463 2050 640 2106 optima,
688 2052 732 2091 et
777 2047 993 2103 quomodo
1035 2045 1211 2102 probari
1254 2045 1422 2095 debeat,
1456 2047 1501 2085 et
1543 2058 1640 2099 quae
1683 2043 1772 2085 sint

358 2119 633 2161 conditiones
665 2120 709 2159 et
741 2115 917 2158 articuli
950 2114 1053 2170 ejus,
1078 2117 1123 2155 et
1155 2113 1371 2168 quomodo
1404 2112 1567 2154 servari
1600 2111 1769 2162 debeat,

358 2191 403 2230 61
437 2187 610 2229 defendi
650 2189 693 2227 et
730 2183 1009 2242 }‡›1·omulgari,
1044 2185 1088 2224 et
1129 2182 1182 2223 de
1213 2181 1471 2237 legislatore,
1505 2183 1550 2222 et
1592 2179 1644 2221 (16
1676 2179 1770 2235 ejus

360 2270 612 2305 successore,
640 2258 691 2296 ut
724 2254 827 2295 dixi.
892 2252 1002 2294 Hzec
1034 2253 1182 2292 autem
1206 2250 1287 2291 sub
1320 2249 1575 2305 compendio
1607 2248 1769 2304 collegi,

361 2328 405 2366 61
436 2324 537 2365 misi
569 2322 746 2364 domino
771 2320 991 2363 Clementi
1024 2318 1274 2375 apostolicae
1300 2316 1623 2366 recordationis,
1657 2316 1771 2357 sicut

360 2392 500 2433 inulta
547 2391 663 2442 alia3
706 2390 809 2445 quia
852 2390 932 2430 hoc
976 2387 1086 2429 mihi
1128 2386 1358 2428 efficaciter
1408 2387 1680 2441 praeceperat,
1725 2386 1770 2424 et

360 2459 566 2502 districtc.
631 2458 690 2499 Et
733 2457 785 2498 de
817 2457 884 2497 his
916 2456 993 2496 fiet
1034 2455 1182 2509 aliqua
1213 2453 1428 2508 expositio
1469 2451 1647 2493 inferius
1677 2452 1771 2493 loco

360 2543 447 2570 suo.
512 2528 622 2569 Haec
657 2525 794 2582 igitur
829 2524 933 2580 jura
974 2522 1271 2578 philosophica
1302 2522 1556 2575 competunt
1593 2519 1770 2571 clericis,

360 2602 405 2639 et
447 2611 535 2639 non
566 2595 783 2636 ruditates
824 2593 1033 2634 laicorum
1078 2590 1231 2639 Italiae,
1267 2588 1426 2644 quibus
1468 2590 1609 2629 status
1650 2588 1771 2629 cleri-

361 2680 509 2708 corum
552 2662 835 2706 confunditur
876 2661 933 2702 ad
974 2660 1063 2701 haec
1104 2663 1311 2714 tempora.
1376 2656 1507 2698 Unde
1554 2671 1641 2698 non
1673 2657 1770 2713 plus
