1964 3259
217 276 295 332 Li]
735 284 850 317 opvs
882 282 1094 317 TERTIUM.
1530 272 1615 317 197

218 401 273 442 ab
305 416 398 443 aevo
431 400 635 457 procedit,
659 414 758 455 ergo
781 399 864 440 erit
895 398 1092 439 instans:
1128 396 1358 438 dicendum
1391 398 1467 445 est,
1501 395 1617 450 quod

217 473 390 525 tempus
423 469 478 510 ab
521 483 613 510 {evo
645 467 850 523 procedit,
888 465 931 506 id
966 468 1032 506 est
1064 467 1163 520 post
1194 478 1348 512 aevum,
1382 462 1617 504 secundum

218 537 334 592 quod
355 536 615 578 Aristoteles
647 533 783 577 dixitl
819 533 1008 575 secundo
1038 536 1083 574 et
1113 532 1269 588 quinto
1293 529 1617 586 Metaphysicae,

219 605 333 660 quod
379 605 434 646 ab
490 604 634 659 aliquo
679 601 750 643 vel
799 616 852 643 ex
885 601 1030 656 aliquo
1074 604 1140 642 est
1190 599 1490 654 multipliciter
1542 601 1619 638 aut

219 672 498 723 ordinaliter-3
541 675 592 712 ut
623 686 677 712 ex
718 673 843 711 nocte
884 670 937 710 fit
979 669 1095 720 dies3
1128 671 1206 710 aut
1242 666 1537 716 materialiter,
1571 668 1621 705 ut

220 756 273 782 ex
316 740 427 782 ferro
468 740 519 781 fit
561 738 794 789 cultellus3
837 740 914 779 aut
967 736 1172 789 effective,
1215 739 1266 777 ut
1310 750 1365 776 ex
1406 738 1528 790 patre
1570 734 1622 773 fit

220 808 365 859 filius3
398 812 475 849 aut
527 806 811 862 originaliter,
865 809 1079 861 tanquam
1113 819 1170 846 ex
1201 803 1419 853 termino,
1464 804 1515 842 ut
1567 800 1621 841 ab

218 876 403 917 instanti
445 876 497 917 fit
538 879 721 930 tempus,
764 877 808 915 et
849 889 875 915 a
915 877 1077 929 puncto
1118 873 1170 914 fit
1201 872 1325 914 linea.
1390 869 1476 912 Sed
1513 868 1624 909 ordi-

218 944 376 985 naliter
416 944 468 985 fit
503 946 676 999 tempus
720 943 775 984 ab
817 956 923 993 aevo,
978 941 1024 983 id
1075 943 1142 983 est
1174 944 1273 997 post
1326 953 1483 990 aevum,
1522 937 1624 992 quia

219 1026 364 1054 {evum
401 1014 467 1053 est
507 1025 710 1053 mensura
751 1010 868 1066 prior
908 1013 1112 1065 tempore.

281 1080 327 1121 Si
360 1080 540 1130 dicatur,
572 1080 688 1135 quod
719 1078 979 1120 Aristoteles
1021 1092 1110 1119 11011
1154 1076 1280 1133 ponit
1322 1090 1465 1118 {evum
1510 1074 1625 1115 inter

221 1148 381 1204 species
425 1147 700 1204 quantitatis,
749 1161 888 1202 neque
935 1147 982 1187 in
1024 1145 1467 1187 Praedicamentorum
1499 1142 1624 1192 libro,

222 1232 360 1272 neque
392 1217 439 1257 in
471 1217 626 1272 quinto
659 1215 984 1271 Metaphysicae,
1018 1213 1096 1255 ubi
1129 1214 1180 1255 de
1213 1212 1435 1269 speciebus
1468 1210 1625 1267 praedi-

223 1285 537 1327 camentalibus
581 1285 715 1333 docet,
769 1283 935 1339 igitur2
978 1297 1067 1324 non
1112 1282 1291 1323 videtur
1335 1295 1423 1322 esse
1468 1279 1627 1335 species

223 1354 380 1408 aliqua,
404 1357 481 1395 aut
503 1352 761 1394 Aristoteles
794 1351 876 1393 erit
909 1351 1151 1392 diminutus
1172 1366 1178 1392 :
1214 1352 1359 1406 potest
1389 1348 1489 1400 dici,
1513 1347 1628 1402 quod

225 1436 441 1477 nusquam
478 1421 737 1463 Aristoteles
770 1421 847 1462 dat
879 1419 1039 1475 species
1071 1417 1253 1473 alicujus
1286 1416 1625 1473 prcedicamenti,

226 1490 329 1545 quia
372 1490 424 1531 de
469 1489 717 1531 substantia
762 1488 1016 1543 incorporea
1071 1486 1183 1528 nihil
1229 1486 1376 1541 tangit
1420 1484 1466 1525 in
1517 1484 1628 1524 libro

226 1558 681 1606 Przedicamentorum,
725 1571 802 1598 nec
848 1556 895 1596 in
939 1555 1131 1611 capitulo
1180 1553 1233 1595 de
1277 1551 1537 1595 Substantia
1582 1551 1629 1590 in

226 1626 382 1681 quinto
425 1624 746 1681 Metaphysicae.
810 1623 981 1664 Placuit
1027 1622 1165 1678 igitur
1209 1620 1441 1662 Aristoteli
1486 1633 1630 1660 exeni-

225 1694 419 1750 plificare
452 1694 503 1735 de
535 1693 758 1749 speciebus
791 1691 1011 1747 aliquibus
1044 1690 1290 1745 aliquorum
1322 1688 1629 1745 praedicamen—

227 1766 383 1804 torum.
445 1762 532 1804 Sed
564 1776 641 1803 nec
673 1761 726 1802 de
758 1760 907 1816 aliquo
956 1773 1106 1801 omnes
1154 1758 1246 1813 ejus
1290 1757 1452 1814 species
1496 1755 1629 1811 assig—

226 1831 366 1882 navit,
396 1845 538 1886 neque
561 1830 613 1872 de
636 1829 819 1885 singulis
840 1827 987 1884 posuit
1009 1828 1178 1882 aliquas
1201 1826 1362 1882 species
1384 1840 1393 1875 3
1425 1824 1630 1880 quoniam

229 1899 281 1940 (16
323 1899 493 1940 actione
524 1902 569 1940 et
615 1897 823 1953 passione,
870 1895 1057 1951 quando,
1090 1895 1178 1945 ubi,
1228 1894 1328 1944 situ,
1375 1897 1420 1934 et
1462 1892 1631 1941 habitu,

229 1967 395 2008 nullam
427 1966 554 2022 ponit
585 1965 847 2007 divisionem
879 1964 1119 2020 specierum
1162 1962 1210 2003 in
1256 1961 1366 2003 libro
1414 1960 1631 2002 Praedica—

230 2038 489 2086 mentorum,
543 2048 622 2076 nec
684 2033 816 2075 etiam
864 2032 911 2073 in
954 2031 1110 2087 quinto
1162 2028 1507 2085 Metaphysicae3
1559 2029 1634 2070 sed

231 2103 369 2159 magis
401 2101 634 2158 distinguit
665 2101 727 2142 ibi
759 2100 1004 2157 significata
1035 2097 1308 2154 multiplicia,
1342 2101 1391 2139 ut
1423 2100 1548 2153 patet
1578 2110 1634 2137 ex

230 2171 305 2212 illo
336 2171 458 2212 libro.
523 2170 616 2212 Nec
648 2170 701 2211 de
733 2168 991 2218 substantia,
1024 2182 1103 2209 nec
1134 2166 1187 2208 de
1219 2165 1440 2217 relatione,
1474 2165 1549 2206 sed
1582 2164 1634 2205 de

233 2238 483 2294 quantitate
516 2242 560 2280 et
591 2238 806 2294 qualitate
839 2235 1083 2293 expressius
1114 2235 1242 2291 ponit
1271 2234 1434 2290 species
1455 2233 1633 2289 aliquas,

232 2308 308 2349 sed
338 2322 427 2349 non
459 2321 620 2349 omnes.
685 2306 788 2348 Non
820 2309 969 2348 tamen
990 2304 1077 2346 fuit
1099 2303 1357 2345 Aristoteles
1380 2302 1638 2344 diminutus.

233 2376 351 2418 Nam
383 2379 533 2418 texere
565 2390 714 2418 omnes
747 2375 906 2431 species
938 2372 1377 2430 praedicamentorum
1421 2374 1486 2413 est
1534 2371 1636 2412 dare

236 2444 444 2486 notitiam
489 2443 684 2486 omnium
722 2457 868 2485 rerum
899 2441 1136 2484 secundum
1169 2439 1454 2482 diffinitiones
1495 2453 1634 2482 veras

237 2513 351 2566 Quia
383 2516 603 2569 oporteret
635 2511 878 2567 quamlibet
909 2510 1060 2552 elicere
1092 2524 1147 2551 ex
1178 2523 1347 2565 genere,
1380 2523 1456 2564 per
1487 2506 1636 2549 divisi*

233 2596 362 2624 onem
394 2581 486 2637 ejus
517 2581 564 2623 in
596 2580 864 2623 differentias
895 2578 1121 2635 specificas.
1186 2578 1273 2620 Sed
1303 2577 1383 2618 hoc
1419 2579 1484 2617 est
1521 2574 1635 2630 quod

233 2650 280 2691 in
303 2650 504 2692 omnibus
535 2649 727 2691 scientiis
758 2648 1052 2704 investigatur
1069 2662 1078 2698 3
1126 2649 1170 2688 et
1191 2660 1401 2701 magnum
1432 2644 1636 2685 volumen

235 2720 279 2760 et
332 2715 515 2774 speciale
566 2716 806 2773 requiritur
856 2715 912 2758 ad
958 2716 1048 2757 hoc.
1133 2713 1193 2755 Et
1244 2712 1340 2755 ideo
1393 2711 1539 2753 omisit
1590 2709 1636 2751 in

279 2889 287 2908 ¹
309 2889 408 2932 davit]
436 2889 618 2931 distinguit,
635 2888 674 2921 B.
693 2888 725 2920 ii.
744 2894 785 2930 25
810 2900 840 2922 v.
860 2893 888 2921 2.
925 2885 930 2931 Ι
1004 2888 1015 2906 ²
1033 2886 1148 2929 synar]
1176 2896 1235 2919 nee
1253 2884 1342 2924 alibi,
1359 2894 1448 2928 erg0,
1465 2884 1505 2919 Β.
