1964 3259
325 264 408 305 566
866 270 1103 302 APPENDIX
1134 271 1182 302 Π.

322 394 459 441 centa,
493 393 544 432 ut
574 390 639 431 ita
667 390 832 445 loquar,
865 388 1034 445 generis
1064 386 1196 443 hujus
1242 385 1508 438 testimonia,
1542 401 1639 442 quae
1671 388 1728 428 ad

321 473 540 501 summum
570 457 869 513 imperfectam
901 457 1220 499 divinationem
1263 455 1538 511 permittunt,
1572 455 1727 497 afferre

322 541 571 583 possemus;
603 527 679 567 sed
711 526 859 566 omnia
889 525 1071 567 recitare
1102 525 1290 580 longum.
1355 523 1551 564 Sufficiat
1583 526 1726 564 osten-

322 595 435 636 disse
493 595 710 635 Baconem
754 593 944 634 muitum
988 593 1165 647 quidem
1209 591 1377 633 dedisse
1422 591 1727 642 astronomiae3

321 663 396 704 sed
426 661 539 702 nihil
569 661 760 717 profecto
786 661 986 716 judiciali
1019 659 1277 715 astrologiae.

383 730 501 782 Quid
538 730 633 785 jam
676 729 730 771 de
761 729 1003 787 Augustini
1049 727 1303 770 testimonio
1335 727 1556 769 dicemus?
1616 727 1730 768 Tan-

322 802 418 841 tum
457 797 591 848 abest,
623 800 675 838 ut
718 797 988 853 palinodiam
1032 811 1249 848 canamus,
1283 795 1391 851 quin
1436 795 1582 851 potius
1628 809 1727 836 con-

321 868 542 908 firmemus
574 880 624 907 ea
656 879 752 920 quae
782 879 860 921 pro
899 866 1022 920 justa
1054 865 1238 906 Baconis
1286 864 1536 905 defensione
1579 866 1727 905 nostro

320 935 369 976 in
415 934 593 990 prologo
641 932 900 988 scripsimus
966 933 1033 975 Ut
1080 947 1178 974 cum
1210 931 1460 987 Augustino
1507 931 1727 973 Baconem

322 1001 552 1044 convenire
630 1001 1038 1050 demonstraremus,
1100 1000 1181 1041 hoc
1241 999 1484 1055 Augustini
1561 999 1727 1041 dictum

322 1068 629 1125 usurpavimus
661 1082 716 1109 ex
737 1068 809 1108 lib.
842 1067 885 1109 ii.
911 1067 978 1108 De
1001 1067 1214 1109 Doctrina
1237 1066 1500 1117 Christiana,
1523 1082 1612 1122 cap.
1636 1069 1690 1109 29
1714 1084 1722 1108 :

322 1142 346 1160 ‘⁶
379 1137 581 1179 Siderum
615 1136 1013 1192 cognoscendorum
1057 1149 1147 1176 non
1194 1135 1401 1185 narratio,
1435 1135 1509 1176 sed
1552 1135 1726 1176 demon-

324 1209 347 1228 “
379 1204 537 1247 stratio
569 1207 646 1255 est,
681 1218 867 1259 quorum
898 1218 1112 1259 perpauca
1150 1203 1377 1259 Scriptura
1408 1206 1726 1245 commemorat-

325 1278 347 1296 “
379 1306 388 1316 .
450 1307 457 1315 .
522 1306 529 1314 .
564 1272 715 1313 Habet
761 1275 909 1313 autem
953 1275 1113 1327 praeter
1157 1272 1573 1313 demonstrationem
1620 1286 1729 1326 prae-

325 1346 347 1363 “
379 1341 581 1391 sentium,
616 1340 750 1382 etiam
786 1339 1113 1396 pi·zeteritoruin
1159 1339 1405 1381 narrationi
1436 1339 1576 1380 simile
1608 1339 1725 1394 quid,

325 1414 347 1432 ‘⁶
379 1410 495 1465 quod
527 1424 553 1450 a
598 1408 807 1464 praesenti
854 1408 1072 1464 positione
1117 1411 1326 1463 motuque
1370 1407 1572 1457 siderum,
1607 1411 1651 1449 et
1681 1407 1730 1448 in

323 1482 347 1500 ‘⁶
379 1477 604 1533 praeterita
635 1491 783 1518 eorum
815 1476 1014 1532 vestigia,
1046 1475 1307 1531 regulariter
1352 1475 1454 1517 licet
1497 1490 1727 1517 recurrere.

324 1550 347 1569 ‘⁴
380 1546 532 1587 Habet
579 1545 711 1587 etiam
756 1545 1006 1586 futurorum
1054 1544 1273 1600 regulares
1315 1544 1596 1599 conjecturas,
1639 1558 1728 1585 non

325 1618 348 1635 ‘⁶
380 1614 638 1669 suspiciosas
679 1616 724 1654 et
775 1613 1005 1664 ominosas,
1058 1612 1134 1654 sed
1185 1615 1314 1662 ratas,
1369 1615 1413 1653 et
1459 1610 1636 1662 certas,”
1684 1616 1729 1654 et

322 1684 491 1724 caetera.
577 1680 774 1722 Aureum
826 1680 1071 1737 Augustini
1134 1679 1439 1723 testimonium
1499 1695 1598 1721 cum
1644 1680 1728 1721 fre-

323 1752 520 1804 quenter,
565 1752 663 1790 tum
710 1748 925 1804 praecipue
956 1763 1053 1804 pag.
1087 1749 1143 1790 83
1176 1751 1221 1789 et
1248 1763 1342 1804 pag.
1377 1749 1474 1799 116,
1519 1762 1728 1803 usurpare

323 1818 431 1859 solet
464 1817 590 1868 Baco,
623 1831 708 1872 quo
742 1817 927 1868 evincat,
960 1815 1213 1871 Augustino
1244 1816 1317 1857 vel
1361 1815 1446 1871 ipsi
1475 1814 1726 1857 futurorum

316 1885 534 1940 judicium
566 1884 699 1926 fuisse
731 1885 977 1940 probatum.
1043 1883 1130 1925 Sed
1166 1883 1293 1939 quale
1336 1898 1439 1940 rogo
1479 1883 1728 1939 judicium?

324 1954 499 1996 Scilicet
549 1953 670 2004 illud,
717 1953 836 2008 quod
888 1967 937 1995 eo
989 1955 1167 2008 spectat,
1220 1955 1272 1993 ut
1316 1952 1492 1994 effectus
1539 1952 1629 1993 suis
1679 1952 1727 1993 in

322 2022 461 2064 causis
493 2021 747 2063 consideret.
811 2020 898 2063 Sed
928 2020 1021 2063 haec
1050 2021 1269 2063 hactenus,

382 2090 586 2131 Alterum
633 2093 698 2131 est
740 2089 857 2144 quod
900 2089 1028 2130 nobis
1074 2088 1251 2144 objiciat
1302 2102 1459 2130 censor.
1543 2087 1730 2144 Legerat

322 2173 418 2214 pag.
452 2160 550 2209 119,
581 2157 629 2198 in
655 2172 741 2212 qua
771 2160 932 2213 praeter
963 2160 1131 2206 caetera,
1162 2171 1259 2212 quae
1284 2157 1338 2198 de
1369 2156 1576 2198 mathesis
1606 2156 1728 2198 utili-

321 2229 427 2276 tate,
461 2229 506 2268 et
536 2225 793 2268 necessitate
825 2226 999 2267 dixerat
1030 2225 1155 2274 Baco,
1178 2221 1499 2267 mathematicae
1531 2224 1728 2267 studium

323 2308 420 2335 cum
451 2293 604 2350 primis
626 2293 779 2335 laudat
802 2308 856 2335 ex
877 2294 968 2345 hoc,
993 2294 1110 2349 quod
1132 2293 1340 2335 utilitatis
1361 2293 1551 2335 multum
1572 2293 1728 2334 afferat

322 2362 518 2403 ecclesiae.
578 2361 766 2403 Utilitas
797 2376 924 2416 porro
957 2361 1052 2411 ista,
1092 2375 1221 2416 quam
1256 2361 1374 2417 capit
1406 2362 1592 2413 ecclesia,
1626 2375 1726 2402 con-

320 2429 513 2470 firmatio
545 2432 611 2470 est
640 2429 744 2470 fidei
775 2429 1041 2471 orthodoxae.
1096 2429 1287 2470 Rursum
1318 2444 1411 2485 pag.
1438 2431 1519 2470 121
1550 2429 1725 2484 legerat,

322 2496 586 2538 Mercurium
624 2510 853 2551 nunquam
900 2496 1117 2538 dominari
1164 2497 1302 2552 magis
1339 2511 1471 2551 quam
1512 2497 1560 2538 in
1603 2497 1726 2551 signo

321 2564 549 2621 Virginis:
604 2563 708 2604 “Et
751 2563 849 2605 ideo
893 2578 949 2605 ex
994 2563 1074 2605 hac
1122 2577 1250 2605 causa
1292 2563 1446 2605 dicunt
1487 2564 1726 2605 astronomi

323 2637 345 2655 ‘⁶
377 2634 517 2688 legem
569 2631 869 2673 mercurialem
921 2631 1077 2673 debere
1129 2645 1220 2673 esse
1283 2634 1444 2674 sectam
1504 2632 1724 2688 prophetae

323 2706 346 2723 “
376 2700 585 2742 nascituri
635 2700 688 2741 de
735 2699 959 2755 Virgine.'’
1020 2699 1132 2741 Tum
1163 2714 1256 2755 pag.
1291 2701 1403 2742 126:
1470 2703 1494 2721 “
1516 2700 1576 2742 Et
1620 2714 1725 2755 quo-

325 2775 346 2790 “
380 2769 500 2809 niam
550 2770 648 2823 post
698 2767 839 2823 legem
891 2767 1135 2810 Mahometi
1185 2783 1273 2809 non
1335 2767 1547 2810 credimus
1609 2768 1723 2823 quod

323 2840 345 2859 “
378 2837 523 2892 aliqua
555 2839 672 2879 secta
702 2836 851 2879 veniet
881 2836 966 2878 nisi
996 2836 1069 2879 lex
1099 2836 1375 2889 Antichristi,
1409 2839 1453 2878 et
1485 2836 1724 2879 astronomi
