<?xml version="1.0" encoding="UTF-8"?>
<!DOCTYPE html PUBLIC "-//W3C//DTD XHTML 1.0 Transitional//EN"
    "http://www.w3.org/TR/xhtml1/DTD/xhtml1-transitional.dtd">
<html xmlns="http://www.w3.org/1999/xhtml" xml:lang="en" lang="en">
 <head>
  <title>
</title>
<meta http-equiv="Content-Type" content="text/html;charset=utf-8" />
  <meta name='ocr-system' content='tesseract 3.04.00' />
  <meta name='ocr-capabilities' content='ocr_page ocr_carea ocr_par ocr_line ocrx_word'/>
</head>
<body>
  <div class='ocr_page' id='page_1' title='image "./frrogeribaconope00baco_0631.png"; bbox 0 0 1964 3259; ppageno 0'>
   <div class='ocr_carea' id='block_1_1' title="bbox 189 242 1588 307">
    <p class='ocr_par' dir='ltr' id='par_1_1' title="bbox 189 242 1588 307">
     <span class='ocr_line' id='line_1_1' title="bbox 189 242 1588 307; baseline -0.003 -15"><span class='ocrx_word' id='word_1_1' title='bbox 189 251 271 307; x_wconf 78' lang='lat' dir='ltr'>XL]</span> <span class='ocrx_word' id='word_1_2' title='bbox 636 261 945 293; x_wconf 79' lang='lat' dir='ltr'>coMPENDmM</span> <span class='ocrx_word' id='word_1_3' title='bbox 976 255 1144 292; x_wconf 77' lang='lat' dir='ltr'>sTU‘DH.</span> <span class='ocrx_word' id='word_1_4' title='bbox 1502 242 1588 294; x_wconf 73' lang='lat'>51¹7</span> 
     </span>
    </p>
   </div>
   <div class='ocr_carea' id='block_1_2' title="bbox 181 374 1593 2338">
    <p class='ocr_par' dir='ltr' id='par_1_2' title="bbox 181 374 1590 1455">
     <span class='ocr_line' id='line_1_2' title="bbox 187 374 1590 434; baseline -0.001 -16"><span class='ocrx_word' id='word_1_5' title='bbox 187 378 247 419; x_wconf 88' lang='lat' dir='ltr'>Et</span> <span class='ocrx_word' id='word_1_6' title='bbox 279 381 344 420; x_wconf 86' lang='lat' dir='ltr'>est</span> <span class='ocrx_word' id='word_1_7' title='bbox 377 378 468 434; x_wconf 84' lang='lat' dir='ltr'>ejus</span> <span class='ocrx_word' id='word_1_8' title='bbox 500 381 619 431; x_wconf 86' lang='lat' dir='ltr'>nota,</span> <span class='ocrx_word' id='word_1_9' title='bbox 666 379 789 434; x_wconf 89' lang='lat' dir='ltr'>quasi</span> <span class='ocrx_word' id='word_1_10' title='bbox 832 377 1012 420; x_wconf 85' lang='lat' dir='ltr'>inferior</span> <span class='ocrx_word' id='word_1_11' title='bbox 1043 391 1144 433; x_wconf 86' lang='lat' dir='ltr'>pars</span> <span class='ocrx_word' id='word_1_12' title='bbox 1176 374 1326 418; x_wconf 85' lang='lat' dir='ltr'>circuli</span> <span class='ocrx_word' id='word_1_13' title='bbox 1362 376 1454 430; x_wconf 42' lang='grc' dir='ltr'>(ψ)</span> <span class='ocrx_word' id='word_1_14' title='bbox 1489 389 1590 430; x_wconf 87' lang='lat' dir='ltr'>sup-</span> 
     </span>
     <span class='ocr_line' id='line_1_3' title="bbox 184 443 1589 503; baseline -0.004 -16"><span class='ocrx_word' id='word_1_15' title='bbox 184 447 386 502; x_wconf 86' lang='lat' dir='ltr'>ponenda</span> <span class='ocrx_word' id='word_1_16' title='bbox 427 447 749 503; x_wconf 82' lang='lat' dir='ltr'>conjungendis.</span> <span class='ocrx_word' id='word_1_17' title='bbox 841 447 908 489; x_wconf 90' lang='lat' dir='ltr'>Ut</span> <span class='ocrx_word' id='word_1_18' title='bbox 949 459 1160 502; x_wconf 85' lang='lat' dir='ltr'>ponamus</span> <span class='ocrx_word' id='word_1_19' title='bbox 1212 443 1460 498; x_wconf 89' lang='lat' dir='ltr'>exemplum</span> <span class='ocrx_word' id='word_1_20' title='bbox 1509 443 1589 483; x_wconf 84' lang='lat' dir='ltr'>La-</span> 
     </span>
     <span class='ocr_line' id='line_1_4' title="bbox 182 511 1588 570; baseline -0.001 -16"><span class='ocrx_word' id='word_1_21' title='bbox 182 515 326 555; x_wconf 86' lang='lat' dir='ltr'>tinum</span> <span class='ocrx_word' id='word_1_22' title='bbox 370 515 668 566; x_wconf 82' lang='lat' dir='ltr'>ante-tulisti3</span> <span class='ocrx_word' id='word_1_23' title='bbox 715 515 883 570; x_wconf 87' lang='lat' dir='ltr'>possint</span> <span class='ocrx_word' id='word_1_24' title='bbox 914 518 1018 556; x_wconf 62' lang='lat' dir='ltr'>emto</span> <span class='ocrx_word' id='word_1_25' title='bbox 1059 516 1104 555; x_wconf 90' lang='lat' dir='ltr'>et</span> <span class='ocrx_word' id='word_1_26' title='bbox 1136 511 1289 555; x_wconf 57' lang='lat' dir='ltr'>tulisti</span> <span class='ocrx_word' id='word_1_27' title='bbox 1320 511 1460 552; x_wconf 84' lang='lat' dir='ltr'>videri</span> <span class='ocrx_word' id='word_1_28' title='bbox 1493 511 1588 552; x_wconf 80' lang='lat' dir='ltr'>duae</span> 
     </span>
     <span class='ocr_line' id='line_1_5' title="bbox 183 579 1589 638; baseline -0.002 -16"><span class='ocrx_word' id='word_1_29' title='bbox 183 582 405 624; x_wconf 76' lang='lat' dir='ltr'>dictiones,</span> <span class='ocrx_word' id='word_1_30' title='bbox 470 583 555 624; x_wconf 81' lang='lat' dir='ltr'>Sed</span> <span class='ocrx_word' id='word_1_31' title='bbox 588 597 664 638; x_wconf 89' lang='lat' dir='ltr'>per</span> <span class='ocrx_word' id='word_1_32' title='bbox 695 585 846 624; x_wconf 88' lang='lat' dir='ltr'>notam</span> <span class='ocrx_word' id='word_1_33' title='bbox 888 582 1025 638; x_wconf 82' lang='lat' dir='ltr'>ipsius</span> <span class='ocrx_word' id='word_1_34' title='bbox 1062 581 1237 637; x_wconf 89' lang='lat' dir='ltr'>hiphen,</span> <span class='ocrx_word' id='word_1_35' title='bbox 1281 579 1589 621; x_wconf 87' lang='lat' dir='ltr'>denominatur</span> 
     </span>
     <span class='ocr_line' id='line_1_6' title="bbox 183 647 1589 705; baseline -0.003 -14"><span class='ocrx_word' id='word_1_36' title='bbox 183 651 299 705; x_wconf 89' lang='lat' dir='ltr'>quod</span> <span class='ocrx_word' id='word_1_37' title='bbox 347 651 436 692; x_wconf 80' lang='lat' dir='ltr'>sint</span> <span class='ocrx_word' id='word_1_38' title='bbox 483 665 571 691; x_wconf 87' lang='lat' dir='ltr'>una</span> <span class='ocrx_word' id='word_1_39' title='bbox 618 651 761 692; x_wconf 89' lang='lat' dir='ltr'>dictio.</span> <span class='ocrx_word' id='word_1_40' title='bbox 841 650 1056 692; x_wconf 70' lang='lat' dir='ltr'>Similiter</span> <span class='ocrx_word' id='word_1_41' title='bbox 1102 650 1138 690; x_wconf 93' lang='lat' dir='ltr'>si</span> <span class='ocrx_word' id='word_1_42' title='bbox 1185 648 1432 690; x_wconf 74' lang='lat' dir='ltr'>scribantur</span> <span class='ocrx_word' id='word_1_43' title='bbox 1473 647 1589 703; x_wconf 78' lang='lat' dir='ltr'>quis-</span> 
     </span>
     <span class='ocr_line' id='line_1_7' title="bbox 182 716 1588 775; baseline -0.004 -15"><span class='ocrx_word' id='word_1_44' title='bbox 182 722 322 774; x_wconf 85' lang='lat' dir='ltr'>putas‚</span> <span class='ocrx_word' id='word_1_45' title='bbox 377 719 682 775; x_wconf 83' lang='lat' dir='ltr'>paulo—minus,</span> <span class='ocrx_word' id='word_1_46' title='bbox 728 722 771 760; x_wconf 88' lang='lat' dir='ltr'>et</span> <span class='ocrx_word' id='word_1_47' title='bbox 823 717 1105 772; x_wconf 78' lang='lat' dir='ltr'>lijs-niodi.</span> <span class='ocrx_word' id='word_1_48' title='bbox 1170 717 1256 758; x_wconf 79' lang='lat' dir='ltr'>Sed</span> <span class='ocrx_word' id='word_1_49' title='bbox 1305 716 1454 757; x_wconf 86' lang='lat' dir='ltr'>Latini</span> <span class='ocrx_word' id='word_1_50' title='bbox 1500 730 1588 756; x_wconf 92' lang='lat' dir='ltr'>non</span> 
     </span>
     <span class='ocr_line' id='line_1_8' title="bbox 182 783 1588 842; baseline -0.002 -15"><span class='ocrx_word' id='word_1_51' title='bbox 182 790 371 828; x_wconf 87' lang='lat' dir='ltr'>utuntur</span> <span class='ocrx_word' id='word_1_52' title='bbox 402 787 651 842; x_wconf 86' lang='lat' dir='ltr'>hujusmodi</span> <span class='ocrx_word' id='word_1_53' title='bbox 684 786 820 842; x_wconf 79' lang='lat' dir='ltr'>signo,</span> <span class='ocrx_word' id='word_1_54' title='bbox 853 786 949 827; x_wconf 90' lang='lat' dir='ltr'>ideo</span> <span class='ocrx_word' id='word_1_55' title='bbox 997 800 1107 841; x_wconf 80' lang='lat' dir='ltr'>saepe</span> <span class='ocrx_word' id='word_1_56' title='bbox 1139 784 1365 826; x_wconf 86' lang='lat' dir='ltr'>falluntur.</span> <span class='ocrx_word' id='word_1_57' title='bbox 1450 783 1588 825; x_wconf 69' lang='lat' dir='ltr'>Graeci</span> 
     </span>
     <span class='ocr_line' id='line_1_9' title="bbox 181 852 1588 903; baseline -0.002 -8"><span class='ocrx_word' id='word_1_58' title='bbox 181 862 336 903; x_wconf 85' lang='lat' dir='ltr'>autem,</span> <span class='ocrx_word' id='word_1_59' title='bbox 391 858 441 896; x_wconf 91' lang='lat' dir='ltr'>ut</span> <span class='ocrx_word' id='word_1_60' title='bbox 492 856 637 896; x_wconf 89' lang='lat' dir='ltr'>vitent</span> <span class='ocrx_word' id='word_1_61' title='bbox 680 868 880 903; x_wconf 86' lang='lat' dir='ltr'>errorem,</span> <span class='ocrx_word' id='word_1_62' title='bbox 934 853 1100 896; x_wconf 88' lang='lat' dir='ltr'>habent</span> <span class='ocrx_word' id='word_1_63' title='bbox 1151 852 1284 894; x_wconf 85' lang='lat' dir='ltr'>talem</span> <span class='ocrx_word' id='word_1_64' title='bbox 1336 854 1486 893; x_wconf 85' lang='lat' dir='ltr'>notam</span> <span class='ocrx_word' id='word_1_65' title='bbox 1545 855 1588 893; x_wconf 85' lang='lat' dir='ltr'>et</span> 
     </span>
     <span class='ocr_line' id='line_1_10' title="bbox 182 919 1590 978; baseline -0.002 -15"><span class='ocrx_word' id='word_1_66' title='bbox 182 925 482 977; x_wconf 85' lang='lat' dir='ltr'>superponunt</span> <span class='ocrx_word' id='word_1_67' title='bbox 529 922 846 978; x_wconf 83' lang='lat' dir='ltr'>conjungendis</span> <span class='ocrx_word' id='word_1_68' title='bbox 891 921 939 962; x_wconf 87' lang='lat' dir='ltr'>in</span> <span class='ocrx_word' id='word_1_69' title='bbox 993 936 1125 963; x_wconf 88' lang='lat' dir='ltr'>unam</span> <span class='ocrx_word' id='word_1_70' title='bbox 1190 920 1436 962; x_wconf 87' lang='lat' dir='ltr'>dictionem.</span> <span class='ocrx_word' id='word_1_71' title='bbox 1530 919 1590 960; x_wconf 85' lang='lat' dir='ltr'>Et</span> 
     </span>
     <span class='ocr_line' id='line_1_11' title="bbox 182 988 1589 1045; baseline -0.002 -14"><span class='ocrx_word' id='word_1_72' title='bbox 182 1004 316 1045; x_wconf 90' lang='lat' dir='ltr'>quum</span> <span class='ocrx_word' id='word_1_73' title='bbox 361 993 464 1031; x_wconf 87' lang='lat' dir='ltr'>sunt</span> <span class='ocrx_word' id='word_1_74' title='bbox 510 990 748 1031; x_wconf 87' lang='lat' dir='ltr'>secundum</span> <span class='ocrx_word' id='word_1_75' title='bbox 790 990 1023 1031; x_wconf 84' lang='lat' dir='ltr'>veritatem</span> <span class='ocrx_word' id='word_1_76' title='bbox 1078 988 1327 1039; x_wconf 83' lang='lat' dir='ltr'>dividenda,</span> <span class='ocrx_word' id='word_1_77' title='bbox 1381 1002 1469 1029; x_wconf 90' lang='lat' dir='ltr'>non</span> <span class='ocrx_word' id='word_1_78' title='bbox 1516 1002 1589 1043; x_wconf 92' lang='lat' dir='ltr'>po-</span> 
     </span>
     <span class='ocr_line' id='line_1_12' title="bbox 181 1055 1586 1113; baseline -0.001 -15"><span class='ocrx_word' id='word_1_79' title='bbox 181 1062 297 1099; x_wconf 87' lang='lat' dir='ltr'>nunt</span> <span class='ocrx_word' id='word_1_80' title='bbox 339 1058 449 1100; x_wconf 86' lang='lat' dir='ltr'>hanc</span> <span class='ocrx_word' id='word_1_81' title='bbox 480 1061 630 1099; x_wconf 86' lang='lat' dir='ltr'>notam</span> <span class='ocrx_word' id='word_1_82' title='bbox 663 1057 991 1113; x_wconf 77' lang='lat' dir='ltr'>conjunctionis,</span> <span class='ocrx_word' id='word_1_83' title='bbox 1058 1057 1190 1099; x_wconf 90' lang='lat' dir='ltr'>Unde</span> <span class='ocrx_word' id='word_1_84' title='bbox 1224 1060 1394 1112; x_wconf 64' lang='lat' dir='ltr'>quanto</span> <span class='ocrx_word' id='word_1_85' title='bbox 1426 1055 1586 1110; x_wconf 69' lang='lat' dir='ltr'>magyis,</span> 
     </span>
     <span class='ocr_line' id='line_1_13' title="bbox 181 1123 1587 1181; baseline -0.003 -13"><span class='ocrx_word' id='word_1_86' title='bbox 181 1129 227 1167; x_wconf 88' lang='lat' dir='ltr'>et</span> <span class='ocrx_word' id='word_1_87' title='bbox 258 1130 383 1168; x_wconf 66' lang='lat' dir='ltr'>tanto</span> <span class='ocrx_word' id='word_1_88' title='bbox 426 1126 588 1181; x_wconf 69' lang='lat' dir='ltr'>muffl&#39;s,</span> <span class='ocrx_word' id='word_1_89' title='bbox 634 1131 677 1169; x_wconf 88' lang='lat' dir='ltr'>et</span> <span class='ocrx_word' id='word_1_90' title='bbox 708 1126 852 1168; x_wconf 70' lang='lat' dir='ltr'>multo</span> <span class='ocrx_word' id='word_1_91' title='bbox 899 1125 1065 1181; x_wconf 61' lang='lat' dir='ltr'>quassis,</span> <span class='ocrx_word' id='word_1_92' title='bbox 1099 1129 1144 1166; x_wconf 87' lang='lat' dir='ltr'>et</span> <span class='ocrx_word' id='word_1_93' title='bbox 1188 1123 1439 1180; x_wconf 67' lang='lat' dir='ltr'>quominus</span> <span class='ocrx_word' id='word_1_94' title='bbox 1484 1127 1587 1165; x_wconf 87' lang='lat' dir='ltr'>sunt</span> 
     </span>
     <span class='ocr_line' id='line_1_14' title="bbox 181 1192 1589 1250; baseline -0.003 -14"><span class='ocrx_word' id='word_1_95' title='bbox 181 1195 325 1250; x_wconf 85' lang='lat' dir='ltr'>plures</span> <span class='ocrx_word' id='word_1_96' title='bbox 372 1198 519 1250; x_wconf 84' lang='lat' dir='ltr'>partes</span> <span class='ocrx_word' id='word_1_97' title='bbox 565 1195 800 1236; x_wconf 86' lang='lat' dir='ltr'>secundum</span> <span class='ocrx_word' id='word_1_98' title='bbox 852 1193 1072 1243; x_wconf 79' lang='lat' dir='ltr'>Graeoum,</span> <span class='ocrx_word' id='word_1_99' title='bbox 1112 1197 1155 1235; x_wconf 90' lang='lat' dir='ltr'>et</span> <span class='ocrx_word' id='word_1_100' title='bbox 1207 1208 1296 1234; x_wconf 89' lang='lat' dir='ltr'>non</span> <span class='ocrx_word' id='word_1_101' title='bbox 1328 1192 1589 1248; x_wconf 85' lang='lat' dir='ltr'>copulantur</span> 
     </span>
     <span class='ocr_line' id='line_1_15' title="bbox 182 1260 1586 1318; baseline -0.001 -16"><span class='ocrx_word' id='word_1_102' title='bbox 182 1262 229 1302; x_wconf 84' lang='lat' dir='ltr'>in</span> <span class='ocrx_word' id='word_1_103' title='bbox 261 1277 397 1303; x_wconf 86' lang='lat' dir='ltr'>unum</span> <span class='ocrx_word' id='word_1_104' title='bbox 429 1277 505 1318; x_wconf 86' lang='lat' dir='ltr'>per</span> <span class='ocrx_word' id='word_1_105' title='bbox 536 1263 711 1318; x_wconf 89' lang='lat' dir='ltr'>hiphen.</span> <span class='ocrx_word' id='word_1_106' title='bbox 775 1262 862 1304; x_wconf 83' lang='lat' dir='ltr'>Sed</span> <span class='ocrx_word' id='word_1_107' title='bbox 895 1261 1041 1303; x_wconf 85' lang='lat' dir='ltr'>Latini</span> <span class='ocrx_word' id='word_1_108' title='bbox 1084 1261 1212 1302; x_wconf 86' lang='lat' dir='ltr'>multi</span> <span class='ocrx_word' id='word_1_109' title='bbox 1249 1261 1297 1301; x_wconf 88' lang='lat' dir='ltr'>in</span> <span class='ocrx_word' id='word_1_110' title='bbox 1328 1260 1397 1301; x_wconf 86' lang='lat' dir='ltr'>his</span> <span class='ocrx_word' id='word_1_111' title='bbox 1428 1264 1586 1310; x_wconf 87' lang='lat' dir='ltr'>errant,</span> 
     </span>
     <span class='ocr_line' id='line_1_16' title="bbox 183 1328 1589 1386; baseline -0.001 -16"><span class='ocrx_word' id='word_1_112' title='bbox 183 1330 496 1386; x_wconf 80' lang='lat' dir='ltr'>conjungentes</span> <span class='ocrx_word' id='word_1_113' title='bbox 539 1345 590 1372; x_wconf 87' lang='lat' dir='ltr'>ea</span> <span class='ocrx_word' id='word_1_114' title='bbox 633 1331 678 1372; x_wconf 88' lang='lat' dir='ltr'>in</span> <span class='ocrx_word' id='word_1_115' title='bbox 726 1345 859 1371; x_wconf 84' lang='lat' dir='ltr'>unam</span> <span class='ocrx_word' id='word_1_116' title='bbox 902 1330 1138 1372; x_wconf 87' lang='lat' dir='ltr'>dictionem</span> <span class='ocrx_word' id='word_1_117' title='bbox 1172 1344 1267 1384; x_wconf 82' lang='lat' dir='ltr'>quae</span> <span class='ocrx_word' id='word_1_118' title='bbox 1298 1329 1420 1370; x_wconf 91' lang='lat' dir='ltr'>nullo</span> <span class='ocrx_word' id='word_1_119' title='bbox 1462 1328 1589 1369; x_wconf 88' lang='lat' dir='ltr'>modo</span> 
     </span>
     <span class='ocr_line' id='line_1_17' title="bbox 183 1398 1216 1455; baseline -0.001 -16"><span class='ocrx_word' id='word_1_120' title='bbox 183 1398 346 1440; x_wconf 85' lang='lat' dir='ltr'>debent</span> <span class='ocrx_word' id='word_1_121' title='bbox 378 1399 592 1455; x_wconf 83' lang='lat' dir='ltr'>conjungi.</span> <span class='ocrx_word' id='word_1_122' title='bbox 657 1399 717 1440; x_wconf 90' lang='lat' dir='ltr'>Et</span> <span class='ocrx_word' id='word_1_123' title='bbox 750 1399 808 1440; x_wconf 86' lang='lat' dir='ltr'>sic</span> <span class='ocrx_word' id='word_1_124' title='bbox 840 1399 887 1439; x_wconf 90' lang='lat' dir='ltr'>in</span> <span class='ocrx_word' id='word_1_125' title='bbox 919 1398 1071 1439; x_wconf 87' lang='lat' dir='ltr'>multis</span> <span class='ocrx_word' id='word_1_126' title='bbox 1109 1398 1216 1439; x_wconf 84' lang='lat' dir='ltr'>aliis.</span> 
     </span>
    </p>

    <p class='ocr_par' dir='ltr' id='par_1_3' title="bbox 182 1465 1593 2338">
     <span class='ocr_line' id='line_1_18' title="bbox 243 1465 1590 1522; baseline -0.001 -15"><span class='ocrx_word' id='word_1_127' title='bbox 243 1466 391 1509; x_wconf 86' lang='lat' dir='ltr'>Tertia</span> <span class='ocrx_word' id='word_1_128' title='bbox 421 1481 524 1508; x_wconf 86' lang='lat' dir='ltr'>vero</span> <span class='ocrx_word' id='word_1_129' title='bbox 561 1467 761 1522; x_wconf 76' lang='lat' dir='ltr'>prosodia</span> <span class='ocrx_word' id='word_1_130' title='bbox 793 1467 845 1508; x_wconf 88' lang='lat' dir='ltr'>de</span> <span class='ocrx_word' id='word_1_131' title='bbox 890 1466 1139 1522; x_wconf 75' lang='lat' dir='ltr'>impropriis</span> <span class='ocrx_word' id='word_1_132' title='bbox 1180 1469 1362 1507; x_wconf 83' lang='lat' dir='ltr'>vocatur</span> <span class='ocrx_word' id='word_1_133' title='bbox 1409 1465 1590 1520; x_wconf 84' lang='lat' dir='ltr'>ypodia·</span> 
     </span>
     <span class='ocr_line' id='line_1_19' title="bbox 182 1533 1590 1591; baseline -0.001 -16"><span class='ocrx_word' id='word_1_134' title='bbox 182 1535 291 1584; x_wconf 85' lang='lat' dir='ltr'>stile,</span> <span class='ocrx_word' id='word_1_135' title='bbox 326 1538 371 1576; x_wconf 91' lang='lat' dir='ltr'>et</span> <span class='ocrx_word' id='word_1_136' title='bbox 418 1538 484 1577; x_wconf 82' lang='lat' dir='ltr'>est</span> <span class='ocrx_word' id='word_1_137' title='bbox 527 1535 744 1577; x_wconf 88' lang='lat' dir='ltr'>contraria</span> <span class='ocrx_word' id='word_1_138' title='bbox 793 1535 964 1591; x_wconf 88' lang='lat' dir='ltr'>hiphen.</span> <span class='ocrx_word' id='word_1_139' title='bbox 1029 1534 1146 1576; x_wconf 87' lang='lat' dir='ltr'>Nam</span> <span class='ocrx_word' id='word_1_140' title='bbox 1179 1534 1293 1575; x_wconf 86' lang='lat' dir='ltr'>male</span> <span class='ocrx_word' id='word_1_141' title='bbox 1327 1533 1590 1575; x_wconf 55' lang='lat' dir='ltr'>cohaerentia</span> 
     </span>
     <span class='ocr_line' id='line_1_20' title="bbox 184 1601 1590 1659; baseline -0.002 -15"><span class='ocrx_word' id='word_1_142' title='bbox 184 1603 399 1645; x_wconf 85' lang='lat' dir='ltr'>descernit</span> <span class='ocrx_word' id='word_1_143' title='bbox 447 1607 491 1644; x_wconf 90' lang='lat' dir='ltr'>et</span> <span class='ocrx_word' id='word_1_144' title='bbox 534 1607 706 1659; x_wconf 84' lang='lat' dir='ltr'>separat</span> <span class='ocrx_word' id='word_1_145' title='bbox 749 1617 825 1659; x_wconf 87' lang='lat' dir='ltr'>per</span> <span class='ocrx_word' id='word_1_146' title='bbox 872 1606 1055 1654; x_wconf 80' lang='lat' dir='ltr'>notam;</span> <span class='ocrx_word' id='word_1_147' title='bbox 1089 1617 1186 1658; x_wconf 77' lang='lat' dir='ltr'>quae</span> <span class='ocrx_word' id='word_1_148' title='bbox 1226 1604 1292 1643; x_wconf 91' lang='lat' dir='ltr'>est</span> <span class='ocrx_word' id='word_1_149' title='bbox 1335 1601 1459 1656; x_wconf 82' lang='lat' dir='ltr'>quasi</span> <span class='ocrx_word' id='word_1_150' title='bbox 1491 1616 1590 1656; x_wconf 86' lang='lat' dir='ltr'>pars</span> 
     </span>
     <span class='ocr_line' id='line_1_21' title="bbox 184 1669 1590 1727; baseline -0.001 -14"><span class='ocrx_word' id='word_1_151' title='bbox 184 1671 343 1713; x_wconf 81' lang='lat' dir='ltr'>dextra</span> <span class='ocrx_word' id='word_1_152' title='bbox 388 1671 537 1713; x_wconf 85' lang='lat' dir='ltr'>circuli</span> <span class='ocrx_word' id='word_1_153' title='bbox 580 1671 658 1727; x_wconf 83' lang='lat'>())</span> <span class='ocrx_word' id='word_1_154' title='bbox 698 1671 924 1727; x_wconf 87' lang='lat' dir='ltr'>supposita</span> <span class='ocrx_word' id='word_1_155' title='bbox 964 1671 1031 1712; x_wconf 86' lang='lat' dir='ltr'>illi</span> <span class='ocrx_word' id='word_1_156' title='bbox 1073 1670 1190 1726; x_wconf 86' lang='lat' dir='ltr'>quod</span> <span class='ocrx_word' id='word_1_157' title='bbox 1234 1670 1364 1712; x_wconf 85' lang='lat' dir='ltr'>debet</span> <span class='ocrx_word' id='word_1_158' title='bbox 1409 1669 1463 1711; x_wconf 87' lang='lat' dir='ltr'>ab</span> <span class='ocrx_word' id='word_1_159' title='bbox 1505 1669 1590 1711; x_wconf 85' lang='lat' dir='ltr'>alio</span> 
     </span>
     <span class='ocr_line' id='line_1_22' title="bbox 185 1738 1592 1796; baseline -0.002 -15"><span class='ocrx_word' id='word_1_160' title='bbox 185 1740 389 1795; x_wconf 85' lang='lat' dir='ltr'>separari,</span> <span class='ocrx_word' id='word_1_161' title='bbox 434 1739 505 1781; x_wconf 88' lang='lat' dir='ltr'>vel</span> <span class='ocrx_word' id='word_1_162' title='bbox 537 1739 661 1795; x_wconf 83' lang='lat' dir='ltr'>quasi</span> <span class='ocrx_word' id='word_1_163' title='bbox 704 1740 849 1796; x_wconf 87' lang='lat' dir='ltr'>posita</span> <span class='ocrx_word' id='word_1_164' title='bbox 880 1739 998 1781; x_wconf 85' lang='lat' dir='ltr'>inter</span> <span class='ocrx_word' id='word_1_165' title='bbox 1030 1753 1088 1781; x_wconf 84' lang='lat' dir='ltr'>ea.</span> <span class='ocrx_word' id='word_1_166' title='bbox 1160 1738 1274 1780; x_wconf 84' lang='lat' dir='ltr'>Vere</span> <span class='ocrx_word' id='word_1_167' title='bbox 1306 1740 1418 1779; x_wconf 80' lang='lat' dir='ltr'>esset</span> <span class='ocrx_word' id='word_1_168' title='bbox 1449 1751 1592 1779; x_wconf 82' lang='lat' dir='ltr'>neces—</span> 
     </span>
     <span class='ocr_line' id='line_1_23' title="bbox 185 1805 1591 1863; baseline -0.001 -15"><span class='ocrx_word' id='word_1_169' title='bbox 185 1808 347 1849; x_wconf 85' lang='lat' dir='ltr'>sarium</span> <span class='ocrx_word' id='word_1_170' title='bbox 399 1808 516 1863; x_wconf 86' lang='lat' dir='ltr'>apud</span> <span class='ocrx_word' id='word_1_171' title='bbox 563 1822 640 1849; x_wconf 84' lang='lat' dir='ltr'>nos</span> <span class='ocrx_word' id='word_1_172' title='bbox 689 1808 804 1863; x_wconf 86' lang='lat' dir='ltr'>quod</span> <span class='ocrx_word' id='word_1_173' title='bbox 858 1807 1112 1849; x_wconf 79' lang='lat' dir='ltr'>haberemus</span> <span class='ocrx_word' id='word_1_174' title='bbox 1153 1807 1199 1847; x_wconf 87' lang='lat' dir='ltr'>in</span> <span class='ocrx_word' id='word_1_175' title='bbox 1243 1805 1395 1847; x_wconf 88' lang='lat' dir='ltr'>multis</span> <span class='ocrx_word' id='word_1_176' title='bbox 1440 1809 1591 1847; x_wconf 84' lang='lat' dir='ltr'>notam</span> 
     </span>
     <span class='ocr_line' id='line_1_24' title="bbox 186 1873 1593 1932; baseline -0.001 -16"><span class='ocrx_word' id='word_1_177' title='bbox 186 1876 533 1932; x_wconf 69' lang='lat' dir='ltr'>distinguentem</span> <span class='ocrx_word' id='word_1_178' title='bbox 551 1892 560 1927; x_wconf 78' lang='lat'><em>3</em></span> <span class='ocrx_word' id='word_1_179' title='bbox 622 1878 673 1917; x_wconf 90' lang='lat' dir='ltr'>ut</span> <span class='ocrx_word' id='word_1_180' title='bbox 731 1876 904 1931; x_wconf 87' lang='lat' dir='ltr'>quando</span> <span class='ocrx_word' id='word_1_181' title='bbox 954 1875 1116 1917; x_wconf 85' lang='lat' dir='ltr'>dicitur</span> <span class='ocrx_word' id='word_1_182' title='bbox 1163 1873 1218 1917; x_wconf 80' lang='lat' dir='ltr'>ab</span> <span class='ocrx_word' id='word_1_183' title='bbox 1271 1888 1316 1916; x_wconf 79' lang='lat' dir='ltr'>eo</span> <span class='ocrx_word' id='word_1_184' title='bbox 1369 1874 1593 1929; x_wconf 82' lang='lat' dir='ltr'>expediret</span> 
     </span>
     <span class='ocr_line' id='line_1_25' title="bbox 187 1942 1592 1999; baseline -0.001 -15"><span class='ocrx_word' id='word_1_185' title='bbox 187 1944 302 1999; x_wconf 85' lang='lat' dir='ltr'>quod</span> <span class='ocrx_word' id='word_1_186' title='bbox 347 1943 642 1992; x_wconf 80' lang='lat' dir='ltr'>denotaretur,</span> <span class='ocrx_word' id='word_1_187' title='bbox 693 1942 715 1984; x_wconf 75' lang='lat' dir='ltr'>b</span> <span class='ocrx_word' id='word_1_188' title='bbox 761 1943 889 1985; x_wconf 86' lang='lat' dir='ltr'>litera</span> <span class='ocrx_word' id='word_1_189' title='bbox 941 1943 1131 1999; x_wconf 85' lang='lat' dir='ltr'>separari</span> <span class='ocrx_word' id='word_1_190' title='bbox 1182 1942 1238 1983; x_wconf 87' lang='lat' dir='ltr'>ab</span> <span class='ocrx_word' id='word_1_191' title='bbox 1290 1956 1321 1992; x_wconf 80' lang='lat' dir='ltr'>e,</span> <span class='ocrx_word' id='word_1_192' title='bbox 1376 1945 1427 1983; x_wconf 88' lang='lat' dir='ltr'>ut</span> <span class='ocrx_word' id='word_1_193' title='bbox 1459 1956 1592 1997; x_wconf 80' lang='lat' dir='ltr'>appa-</span> 
     </span>
     <span class='ocr_line' id='line_1_26' title="bbox 186 2009 1592 2066; baseline -0.001 -14"><span class='ocrx_word' id='word_1_194' title='bbox 186 2015 333 2053; x_wconf 88' lang='lat' dir='ltr'>rerent</span> <span class='ocrx_word' id='word_1_195' title='bbox 371 2011 467 2053; x_wconf 85' lang='lat' dir='ltr'>duae</span> <span class='ocrx_word' id='word_1_196' title='bbox 501 2010 725 2062; x_wconf 79' lang='lat' dir='ltr'>dictiones,</span> <span class='ocrx_word' id='word_1_197' title='bbox 759 2015 803 2052; x_wconf 89' lang='lat' dir='ltr'>et</span> <span class='ocrx_word' id='word_1_198' title='bbox 834 2025 924 2052; x_wconf 91' lang='lat' dir='ltr'>non</span> <span class='ocrx_word' id='word_1_199' title='bbox 957 2025 1054 2061; x_wconf 83' lang='lat' dir='ltr'>una,</span> <span class='ocrx_word' id='word_1_200' title='bbox 1089 2010 1262 2066; x_wconf 82' lang='lat' dir='ltr'>quando</span> <span class='ocrx_word' id='word_1_201' title='bbox 1306 2024 1383 2065; x_wconf 88' lang='lat' dir='ltr'>pro</span> <span class='ocrx_word' id='word_1_202' title='bbox 1425 2009 1592 2051; x_wconf 83' lang='lat' dir='ltr'>duabus</span> 
     </span>
     <span class='ocr_line' id='line_1_27' title="bbox 187 2077 1590 2136; baseline -0.003 -15"><span class='ocrx_word' id='word_1_203' title='bbox 187 2080 408 2136; x_wconf 84' lang='lat' dir='ltr'>accipitur,</span> <span class='ocrx_word' id='word_1_204' title='bbox 461 2079 621 2121; x_wconf 86' lang='lat' dir='ltr'>scilicet</span> <span class='ocrx_word' id='word_1_205' title='bbox 672 2093 750 2135; x_wconf 88' lang='lat' dir='ltr'>pro</span> <span class='ocrx_word' id='word_1_206' title='bbox 801 2079 1106 2134; x_wconf 56' lang='lat' dir='ltr'>praepositione</span> <span class='ocrx_word' id='word_1_207' title='bbox 1154 2093 1251 2119; x_wconf 87' lang='lat' dir='ltr'>cum</span> <span class='ocrx_word' id='word_1_208' title='bbox 1294 2092 1371 2119; x_wconf 91' lang='lat' dir='ltr'>suo</span> <span class='ocrx_word' id='word_1_209' title='bbox 1418 2077 1590 2127; x_wconf 80' lang='lat' dir='ltr'>casuali,</span> 
     </span>
     <span class='ocr_line' id='line_1_28' title="bbox 187 2145 1591 2203; baseline -0.002 -14"><span class='ocrx_word' id='word_1_210' title='bbox 187 2148 259 2189; x_wconf 84' lang='lat' dir='ltr'>vel</span> <span class='ocrx_word' id='word_1_211' title='bbox 291 2147 465 2203; x_wconf 85' lang='lat' dir='ltr'>quando</span> <span class='ocrx_word' id='word_1_212' title='bbox 498 2150 643 2188; x_wconf 84' lang='lat' dir='ltr'>totum</span> <span class='ocrx_word' id='word_1_213' title='bbox 675 2150 740 2189; x_wconf 75' lang='lat' dir='ltr'>est</span> <span class='ocrx_word' id='word_1_214' title='bbox 778 2161 867 2188; x_wconf 90' lang='lat' dir='ltr'>una</span> <span class='ocrx_word' id='word_1_215' title='bbox 900 2147 1044 2197; x_wconf 87' lang='lat' dir='ltr'>dictio,</span> <span class='ocrx_word' id='word_1_216' title='bbox 1091 2150 1135 2188; x_wconf 91' lang='lat' dir='ltr'>et</span> <span class='ocrx_word' id='word_1_217' title='bbox 1165 2146 1348 2188; x_wconf 82' lang='lat' dir='ltr'>verbum</span> <span class='ocrx_word' id='word_1_218' title='bbox 1380 2145 1591 2196; x_wconf 84' lang='lat' dir='ltr'>denotari,</span> 
     </span>
     <span class='ocr_line' id='line_1_29' title="bbox 189 2213 1592 2271; baseline -0.001 -15"><span class='ocrx_word' id='word_1_219' title='bbox 189 2215 424 2270; x_wconf 82' lang='lat' dir='ltr'>expediret,</span> <span class='ocrx_word' id='word_1_220' title='bbox 466 2215 581 2270; x_wconf 90' lang='lat' dir='ltr'>quod</span> <span class='ocrx_word' id='word_1_221' title='bbox 623 2214 645 2256; x_wconf 81' lang='lat' dir='ltr'><strong><em>b</em></strong></span> <span class='ocrx_word' id='word_1_222' title='bbox 678 2217 950 2271; x_wconf 81' lang='lat' dir='ltr'>separaretur</span> <span class='ocrx_word' id='word_1_223' title='bbox 981 2215 1036 2256; x_wconf 89' lang='lat' dir='ltr'>ab</span> <span class='ocrx_word' id='word_1_224' title='bbox 1067 2229 1108 2266; x_wconf 70' lang='lat' dir='ltr'>(c,</span> <span class='ocrx_word' id='word_1_225' title='bbox 1141 2218 1192 2255; x_wconf 87' lang='lat' dir='ltr'>ut</span> <span class='ocrx_word' id='word_1_226' title='bbox 1223 2229 1253 2256; x_wconf 76' lang='grc' dir='ltr'>α</span> <span class='ocrx_word' id='word_1_227' title='bbox 1283 2228 1359 2270; x_wconf 87' lang='lat' dir='ltr'>per</span> <span class='ocrx_word' id='word_1_228' title='bbox 1386 2228 1430 2255; x_wconf 85' lang='lat' dir='ltr'>se</span> <span class='ocrx_word' id='word_1_229' title='bbox 1461 2213 1592 2268; x_wconf 81' lang='lat' dir='ltr'>sylla-</span> 
     </span>
     <span class='ocr_line' id='line_1_30' title="bbox 187 2281 1590 2338; baseline -0.001 -13"><span class='ocrx_word' id='word_1_230' title='bbox 187 2283 417 2335; x_wconf 85' lang='lat' dir='ltr'>bicaretur,</span> <span class='ocrx_word' id='word_1_231' title='bbox 448 2286 492 2325; x_wconf 88' lang='lat' dir='ltr'>et</span> <span class='ocrx_word' id='word_1_232' title='bbox 515 2282 537 2325; x_wconf 81' lang='lat' dir='ltr'><strong><em>b</em></strong></span> <span class='ocrx_word' id='word_1_233' title='bbox 560 2298 656 2325; x_wconf 88' lang='lat' dir='ltr'>cum</span> <span class='ocrx_word' id='word_1_234' title='bbox 679 2297 711 2326; x_wconf 79' lang='lat' dir='ltr'>e.</span> <span class='ocrx_word' id='word_1_235' title='bbox 770 2283 829 2324; x_wconf 89' lang='lat' dir='ltr'>Et</span> <span class='ocrx_word' id='word_1_236' title='bbox 861 2298 957 2326; x_wconf 86' lang='lat' dir='ltr'>cum</span> <span class='ocrx_word' id='word_1_237' title='bbox 990 2282 1151 2325; x_wconf 88' lang='lat' dir='ltr'>dicitur</span> <span class='ocrx_word' id='word_1_238' title='bbox 1174 2282 1360 2338; x_wconf 90' lang='lat' dir='ltr'>[AEneid.</span> <span class='ocrx_word' id='word_1_239' title='bbox 1378 2281 1467 2324; x_wconf 84' lang='lat' dir='ltr'>viii.</span> <span class='ocrx_word' id='word_1_240' title='bbox 1487 2281 1590 2338; x_wconf 87' lang='lat'>83.]‚</span> 
     </span>
    </p>
   </div>
   <div class='ocr_carea' id='block_1_3' title="bbox 370 2389 1349 2447">
    <p class='ocr_par' dir='ltr' id='par_1_4' title="bbox 370 2389 1349 2447">
     <span class='ocr_line' id='line_1_31' title="bbox 370 2389 1349 2447; baseline -0.002 -14"><span class='ocrx_word' id='word_1_241' title='bbox 370 2390 637 2447; x_wconf 89' lang='lat' dir='ltr'>“Viridique</span> <span class='ocrx_word' id='word_1_242' title='bbox 669 2390 717 2432; x_wconf 88' lang='lat' dir='ltr'>in</span> <span class='ocrx_word' id='word_1_243' title='bbox 748 2391 896 2432; x_wconf 87' lang='lat' dir='ltr'>littore</span> <span class='ocrx_word' id='word_1_244' title='bbox 928 2390 1193 2447; x_wconf 76' lang='lat' dir='ltr'>conspicitur</span> <span class='ocrx_word' id='word_1_245' title='bbox 1224 2404 1295 2431; x_wconf 87' lang='lat' dir='ltr'>sus</span> <span class='ocrx_word' id='word_1_246' title='bbox 1313 2389 1349 2432; x_wconf 85' lang='lat'>:&#39;’</span> 
     </span>
    </p>
   </div>
   <div class='ocr_carea' id='block_1_4' title="bbox 190 2487 1597 2884">
    <p class='ocr_par' dir='ltr' id='par_1_5' title="bbox 190 2487 1597 2884">
     <span class='ocr_line' id='line_1_32' title="bbox 190 2487 1595 2546; baseline -0.001 -15"><span class='ocrx_word' id='word_1_247' title='bbox 190 2489 418 2546; x_wconf 84' lang='lat' dir='ltr'>expediret</span> <span class='ocrx_word' id='word_1_248' title='bbox 466 2488 582 2545; x_wconf 90' lang='lat' dir='ltr'>quod</span> <span class='ocrx_word' id='word_1_249' title='bbox 615 2488 898 2530; x_wconf 84' lang='lat' dir='ltr'>denotaretur</span> <span class='ocrx_word' id='word_1_250' title='bbox 940 2487 1054 2544; x_wconf 90' lang='lat' dir='ltr'>quod</span> <span class='ocrx_word' id='word_1_251' title='bbox 1097 2502 1124 2529; x_wconf 62' lang='grc' dir='ltr'>ἰ’</span> <span class='ocrx_word' id='word_1_252' title='bbox 1163 2487 1292 2529; x_wconf 85' lang='lat' dir='ltr'>litera</span> <span class='ocrx_word' id='word_1_253' title='bbox 1321 2490 1595 2543; x_wconf 81' lang='lat' dir='ltr'>separaretur</span> 
     </span>
     <span class='ocr_line' id='line_1_33' title="bbox 190 2555 1594 2613; baseline -0.003 -14"><span class='ocrx_word' id='word_1_254' title='bbox 190 2558 246 2599; x_wconf 82' lang='lat' dir='ltr'>ab</span> <span class='ocrx_word' id='word_1_255' title='bbox 278 2572 298 2598; x_wconf 79' lang='lat' dir='ltr'>s</span> <span class='ocrx_word' id='word_1_256' title='bbox 329 2558 469 2607; x_wconf 85' lang='lat' dir='ltr'>litera,</span> <span class='ocrx_word' id='word_1_257' title='bbox 504 2560 715 2613; x_wconf 84' lang='lat' dir='ltr'>tanquam</span> <span class='ocrx_word' id='word_1_258' title='bbox 747 2571 845 2613; x_wconf 87' lang='lat' dir='ltr'>pars</span> <span class='ocrx_word' id='word_1_259' title='bbox 878 2556 1059 2597; x_wconf 85' lang='lat' dir='ltr'>alterius</span> <span class='ocrx_word' id='word_1_260' title='bbox 1101 2555 1305 2597; x_wconf 86' lang='lat' dir='ltr'>dictionis</span> <span class='ocrx_word' id='word_1_261' title='bbox 1335 2570 1423 2596; x_wconf 91' lang='lat' dir='ltr'>non</span> <span class='ocrx_word' id='word_1_262' title='bbox 1455 2555 1594 2596; x_wconf 88' lang='lat' dir='ltr'>solum</span> 
     </span>
     <span class='ocr_line' id='line_1_34' title="bbox 191 2623 1596 2679; baseline -0.002 -13"><span class='ocrx_word' id='word_1_263' title='bbox 191 2624 370 2666; x_wconf 86' lang='lat' dir='ltr'>alterius</span> <span class='ocrx_word' id='word_1_264' title='bbox 414 2624 606 2679; x_wconf 71' lang='lat' dir='ltr'>syllabae,</span> <span class='ocrx_word' id='word_1_265' title='bbox 660 2627 712 2665; x_wconf 86' lang='lat' dir='ltr'>ut</span> <span class='ocrx_word' id='word_1_266' title='bbox 755 2624 818 2665; x_wconf 86' lang='lat' dir='ltr'>ibi</span> <span class='ocrx_word' id='word_1_267' title='bbox 864 2638 955 2665; x_wconf 89' lang='lat' dir='ltr'>non</span> <span class='ocrx_word' id='word_1_268' title='bbox 1002 2623 1312 2678; x_wconf 83' lang='lat' dir='ltr'>intelligantur</span> <span class='ocrx_word' id='word_1_269' title='bbox 1358 2637 1447 2663; x_wconf 83' lang='lat' dir='ltr'>esse</span> <span class='ocrx_word' id='word_1_270' title='bbox 1495 2637 1596 2664; x_wconf 71' lang='lat' dir='ltr'>con-</span> 
     </span>
     <span class='ocr_line' id='line_1_35' title="bbox 192 2690 1596 2747; baseline -0.003 -13"><span class='ocrx_word' id='word_1_271' title='bbox 192 2691 330 2747; x_wconf 73' lang='lat' dir='ltr'>spicit</span> <span class='ocrx_word' id='word_1_272' title='bbox 361 2705 535 2744; x_wconf 64' lang='lat' dir='ltr'>ursus;</span> <span class='ocrx_word' id='word_1_273' title='bbox 581 2706 655 2733; x_wconf 89' lang='lat' dir='ltr'>seu</span> <span class='ocrx_word' id='word_1_274' title='bbox 687 2692 803 2747; x_wconf 83' lang='lat' dir='ltr'>quod</span> <span class='ocrx_word' id='word_1_275' title='bbox 844 2692 893 2732; x_wconf 89' lang='lat' dir='ltr'>in</span> <span class='ocrx_word' id='word_1_276' title='bbox 925 2691 1041 2732; x_wconf 87' lang='lat' dir='ltr'>idem</span> <span class='ocrx_word' id='word_1_277' title='bbox 1073 2690 1199 2739; x_wconf 87' lang='lat' dir='ltr'>redit,</span> <span class='ocrx_word' id='word_1_278' title='bbox 1233 2693 1284 2730; x_wconf 91' lang='lat' dir='ltr'>ut</span> <span class='ocrx_word' id='word_1_279' title='bbox 1316 2705 1336 2731; x_wconf 77' lang='lat' dir='ltr'>e</span> <span class='ocrx_word' id='word_1_280' title='bbox 1366 2690 1494 2731; x_wconf 85' lang='lat' dir='ltr'>litera</span> <span class='ocrx_word' id='word_1_281' title='bbox 1525 2690 1596 2731; x_wconf 91' lang='lat' dir='ltr'>de—</span> 
     </span>
     <span class='ocr_line' id='line_1_36' title="bbox 192 2758 1595 2816; baseline -0.001 -15"><span class='ocrx_word' id='word_1_282' title='bbox 192 2762 421 2801; x_wconf 85' lang='lat' dir='ltr'>notaretur</span> <span class='ocrx_word' id='word_1_283' title='bbox 462 2759 653 2816; x_wconf 82' lang='lat' dir='ltr'>separari</span> <span class='ocrx_word' id='word_1_284' title='bbox 705 2774 731 2800; x_wconf 86' lang='lat' dir='ltr'>a</span> <span class='ocrx_word' id='word_1_285' title='bbox 773 2773 803 2809; x_wconf 87' lang='lat' dir='ltr'>c,</span> <span class='ocrx_word' id='word_1_286' title='bbox 843 2762 894 2800; x_wconf 90' lang='lat' dir='ltr'>ut</span> <span class='ocrx_word' id='word_1_287' title='bbox 925 2773 1013 2800; x_wconf 87' lang='lat' dir='ltr'>non</span> <span class='ocrx_word' id='word_1_288' title='bbox 1045 2758 1103 2799; x_wconf 82' lang='lat' dir='ltr'>sit</span> <span class='ocrx_word' id='word_1_289' title='bbox 1150 2758 1342 2812; x_wconf 86' lang='lat' dir='ltr'>ejusdem</span> <span class='ocrx_word' id='word_1_290' title='bbox 1385 2758 1595 2813; x_wconf 85' lang='lat' dir='ltr'>syllabae;</span> 
     </span>
     <span class='ocr_line' id='line_1_37' title="bbox 195 2825 1597 2884; baseline -0.001 -16"><span class='ocrx_word' id='word_1_291' title='bbox 195 2827 401 2884; x_wconf 87' lang='lat' dir='ltr'>quatinus</span> <span class='ocrx_word' id='word_1_292' title='bbox 454 2827 511 2868; x_wconf 86' lang='lat' dir='ltr'>sit</span> <span class='ocrx_word' id='word_1_293' title='bbox 562 2827 625 2868; x_wconf 88' lang='lat' dir='ltr'>ibi</span> <span class='ocrx_word' id='word_1_294' title='bbox 679 2826 963 2881; x_wconf 65' lang='lat' dir='ltr'>conspicitur</span> <span class='ocrx_word' id='word_1_295' title='bbox 1014 2840 1091 2868; x_wconf 76' lang='lat' dir='ltr'>sus</span> <span class='ocrx_word' id='word_1_296' title='bbox 1143 2830 1187 2867; x_wconf 84' lang='lat' dir='ltr'>et</span> <span class='ocrx_word' id='word_1_297' title='bbox 1237 2840 1325 2867; x_wconf 89' lang='lat' dir='ltr'>non</span> <span class='ocrx_word' id='word_1_298' title='bbox 1378 2825 1597 2881; x_wconf 61' lang='lat' dir='ltr'>conspicit</span> 
     </span>
    </p>
   </div>
  </div>
 </body>
</html>
