1964 3259
146 2306 276 2341 Robert

148 2351 310 2386 Grostete.

143 2407 258 2440 Adam
273 2409 314 2442 de

145 2452 301 2489 Marisco.

375 255 432 301 70
895 267 1067 300 ROGERI
1097 265 1292 300 BACONIS
1674 260 1789 317 [cAP.

378 384 586 428 solatium
607 400 811 443 quaerere,
846 389 892 430 et
929 402 988 438 ea,
1021 401 1118 443 quae
1149 386 1298 438 nescit,
1332 388 1410 429 aut
1440 401 1529 430 non
1550 387 1789 444 approbare

377 458 456 496 aut
487 455 728 512 reprobare,
763 458 807 498 et
843 456 953 498 illud
984 456 1203 498 modicum
1240 455 1358 511 quod
1393 455 1475 498 scit
1495 456 1568 498 Vel
1598 456 1790 499 aestimat

375 523 494 574 scire,
518 524 619 566 licet
639 524 815 575 nesciat,
838 525 1002 581 gaudet
1023 524 1322 581 imprudenter
1343 526 1572 567 ostentare.
1626 524 1788 567 Omnes

377 591 547 634 autem1
583 592 740 635 scimus
776 594 893 648 quod
935 593 1135 649 exempla
1176 596 1221 635 et
1255 593 1522 636 consuetudo
1558 595 1720 645 nostra,
1744 596 1789 636 et

376 674 527 702 sensus
568 661 701 717 vulgi,
754 664 806 703 ut
857 661 904 703 in
945 661 1152 717 pluribus,
1206 662 1368 704 cadunt
1407 676 1536 719 super
1585 662 1703 703 mala
1744 664 1789 704 et

374 728 509 781 falsa3
557 731 602 771 et
642 729 680 771 si
712 730 947 785 aliquando
978 745 1106 787 super
1138 730 1253 773 bona
1288 733 1333 773 et
1366 744 1471 772 vera
1506 729 1666 772 cadant
1712 744 1788 772 ex-

374 797 569 853 emplum
590 801 634 841 et
655 799 934 851 consuetudo,
960 799 1042 841 hoc
1063 801 1129 842 est
1159 798 1207 840 in
1240 798 1438 855 pluribus
1468 798 1784 855 imperfectum,

373 869 418 908 et
458 866 676 909 rarissime
717 867 874 910 accidit
915 867 1093 924 aliquod
1144 867 1396 924 exemplum
1438 868 1557 924 quod
1596 867 1642 909 in
1685 882 1784 910 6011-

372 935 656 976 suetudinum
672 935 689 959 ²·
730 935 870 978 trahit
911 935 1234 992 perfectionem,
1277 950 1357 978 nec
1387 935 1435 977 in
1481 936 1578 979 vita
1627 950 1707 978 nec
1737 937 1785 978 in

372 1002 567 1045 scientia.
640 1003 810 1059 Vulgus
847 1007 996 1046 autem
1036 1004 1290 1060 imperitum
1322 1018 1492 1060 semper
1523 1007 1589 1046 est
1624 1003 1783 1060 imper-

372 1070 534 1112 fectum
556 1087 564 1122 ;
597 1071 712 1113 unde
735 1071 894 1114 sufficit
931 1071 970 1113 ei
1001 1074 1053 1113 ut
1073 1086 1162 1113 non
1194 1075 1333 1113 erret:
1367 1086 1470 1113 nam
1501 1072 1548 1113 in
1569 1072 1784 1128 sapientia

370 1138 456 1180 Dei
476 1138 636 1195 vulgus
668 1139 838 1195 generis
860 1139 1042 1181 humani
1073 1142 1198 1190 errat,
1223 1139 1326 1194 quia
1356 1139 1597 1181 multitudo
1639 1142 1706 1181 est
1735 1139 1784 1181 in

369 1207 547 1249 mortali
568 1210 757 1263 peccato,
781 1208 979 1264 paucitas
1013 1214 1213 1264 respectu
1243 1207 1373 1262 hujus
1394 1207 1695 1249 multitudinis
1717 1211 1784 1250 est

370 1275 418 1316 in
452 1279 573 1318 statu
609 1276 773 1318 salutis.
836 1275 897 1318 Et
923 1276 959 1317 si
992 1275 1114 1317 illam
1148 1275 1416 1332 paucitatem
1450 1275 1698 1318 dividamus
1734 1277 1782 1318 in

370 1344 528 1400 vulgus
550 1347 594 1386 et
626 1344 673 1386 in
704 1347 893 1396 caeteros,
916 1344 1077 1402 vulgus
1110 1347 1176 1387 est
1203 1344 1518 1401 imperfectum,
1549 1347 1593 1386 et
1614 1345 1782 1401 paucis-

370 1412 470 1454 simi
502 1415 606 1455 simt
637 1413 683 1455 in
718 1416 839 1455 statu
869 1412 1179 1469 perfectionis3
1222 1416 1267 1456 et
1297 1413 1439 1456 adhuc
1469 1416 1625 1469 regnat
1654 1415 1784 1455 tanta

372 1481 658 1537 imperfectio,
681 1482 798 1537 quod
819 1482 1037 1538 sapientes
1057 1481 1185 1524 istius
1206 1481 1416 1539 temporis
1437 1481 1708 1524 contendunt
1729 1482 1783 1524 de

373 1548 460 1590 ista
499 1549 776 1605 perfectione,
814 1549 1055 1592 nescientes
1099 1564 1195 1592 eam
1231 1550 1440 1593 invenire.
1503 1549 1613 1603 Quis
1643 1550 1783 1608 igitur

374 1617 589 1673 perfectus
621 1620 716 1660 est?
757 1617 877 1660 Deus
898 1618 1027 1659 novit
1049 1617 1219 1660 omnia:
1253 1618 1330 1660 secl
1356 1618 1510 1660 saltem
1544 1618 1631 1661 scio
1664 1619 1781 1674 quod

373 1686 612 1728 multitudo
644 1689 710 1728 est
741 1685 1007 1742 imperfecta,
1031 1685 1165 1728 etiam
1186 1686 1428 1729 multitudo
1448 1686 1635 1729 istorum
1667 1687 1780 1743 sapi-

373 1757 527 1796 entum
568 1754 644 1810 qui
675 1754 735 1796 sic
766 1754 1069 1807 contendunt,
1102 1757 1147 1797 et
1175 1754 1347 1797 utinam
1368 1769 1458 1797 non
1488 1756 1641 1806 essent,
1674 1755 1798 1811 quia>

372 1826 514 1864 totam
546 1822 631 1865 Dei
663 1822 884 1865 ecclesiam
915 1822 1190 1865 conturbant.
1254 1822 1467 1865 Similiter
1495 1826 1621 1879 patet
1663 1825 1780 1880 quod

372 1890 533 1947 vulgus
564 1890 747 1933 humani
790 1891 960 1948 generis
1004 1894 1121 1933 errat
1152 1891 1200 1932 in
1231 1891 1446 1948 sapientia
1482 1891 1778 1948 philosophiae,

371 1962 418 2001 et
447 1959 644 2015 paucitas
674 1959 1031 2015 philosophorum
1062 1958 1198 2002 habet
1228 1959 1472 2002 veritatem.
1548 1959 1609 2002 Et
1639 1960 1780 2004 adhuc

370 2027 530 2084 vulgus
583 2027 988 2084 philosophantium
1030 2042 1199 2084 semper
1251 2030 1317 2070 est
1367 2027 1682 2085 imperfectum,
1734 2033 1779 2072 et

369 2094 497 2152 pauci
529 2095 839 2152 sapientissimi
875 2095 1056 2138 fuerunt
1092 2095 1140 2137 in
1171 2095 1434 2153 perfectione
1465 2096 1778 2152 philosophiae3

370 2167 423 2207 ut
449 2163 584 2221 primi
604 2163 926 2221 compositores,
948 2167 993 2206 et
1027 2163 1246 2215 Salomon,
1269 2166 1314 2205 et
1336 2163 1494 2206 deinde
1515 2164 1777 2208 Aristoteles

368 2246 446 2288 pro
498 2236 693 2290 tempore
736 2247 849 2285 suo3
892 2235 937 2275 et
979 2235 1131 2289 postea
1172 2231 1411 2284 Avicenna,
1446 2234 1490 2274 et
1531 2232 1579 2273 in
1623 2233 1777 2276 diebus

368 2300 532 2342 nostris
583 2301 786 2343 dominus
839 2300 1058 2343 Robertus
1109 2300 1332 2356 episcopus
1373 2314 1512 2356 nuper
1559 2299 1776 2343 Lincolni—

368 2367 493 2419 ensis,
538 2371 583 2410 et
636 2368 773 2410 frater
816 2367 963 2410 Adam
1010 2368 1064 2411 de
1111 2367 1309 2420 Mai-isco,
1353 2367 1457 2424 quia
1506 2366 1554 2410 hi
1594 2368 1774 2412 fuerunt

364 2435 545 2492 perfecti
576 2436 624 2478 in
660 2436 780 2477 omni
815 2435 1044 2492 sapientia,
1078 2439 1122 2478 et
1155 2450 1380 2491 nunquam
1413 2436 1592 2479 fuerunt
1626 2437 1773 2493 plures

365 2503 544 2561 perfecti
584 2503 632 2545 in
665 2504 952 2560 philosophia.
1016 2504 1186 2561 Vulgus
1217 2504 1364 2560 igitur,
1401 2507 1454 2546 ut
1484 2504 1532 2547 in
1572 2505 1771 2561 pluribus

366 2575 493 2625 errat,
516 2575 561 2614 et
583 2570 728 2628 capita
759 2586 837 2613 sua
870 2571 1082 2623 similiter,
1106 2575 1151 2614 et
1183 2586 1280 2613 raro
1317 2572 1515 2614 sentiunt
1535 2573 1770 2617 veritatem

364 2643 410 2682 et
442 2640 490 2683 in
521 2640 677 2697 paucis.
755 2639 815 2682 Et
855 2640 935 2683 hoc
976 2640 1144 2683 declaro
1195 2654 1272 2696 per
1307 2641 1589 2684 auctoritates
1640 2642 1772 2699 scrip-

407 2825 553 2868 ¹autem]
572 2836 637 2858 om.
655 2826 695 2859 T.
1096 2825 1311 2868 suetudinum]
1351 2825 1486 2868 aliquod
1526 2827 1614 2868 quod
1651 2837 1763 2860 exem-

405 2879 418 2899 2
432 2877 562 2922 aliquod
584 2877 756 2924 exemplum
787 2879 872 2923 quod
897 2880 931 2913 in
952 2890 1026 2913 con·
1095 2879 1187 2922 plum
1204 2879 1292 2923 quod
1307 2877 1345 2913 in
1359 2878 1679 2921 inconsuetudinem,
1701 2879 1740 2914 L.
