1964 3259
145 254 372 312 xxxv111.]
668 265 783 297 orus
814 264 1026 296 TERTIUM.
1467 253 1549 297 123

213 380 299 422 Sed
340 380 507 423 dicetur
542 381 599 422 ad
632 380 725 432 hoc,
763 380 879 435 quod
914 379 1006 421 haec
1028 378 1184 420 divisio
1225 378 1421 420 materiae
1458 392 1548 418 non
1566 388 1628 422 His
1649 400 1777 422 answer

147 453 213 491 est
263 450 501 492 secundum
552 450 774 492 alietatem
824 462 982 499 veram,
1039 447 1115 489 secl
1166 450 1457 504 apparentem,
1502 449 1546 487 ct
1560 435 1772 517 {gellgnoliiat

146 518 384 560 secundum
425 532 594 568 nomen,
637 517 740 572 quia
779 530 869 557 una
909 518 976 557 est
1016 529 1206 567 numero,
1251 519 1296 557 et
1335 515 1432 556 ideo
1464 514 1547 556 erit
1564 523 1778 574 fhisdivision

147 586 241 628 haec
277 586 434 627 divisio
475 586 613 627 solum
646 584 882 626 secundum
922 583 1100 625 modum
1140 583 1355 640 loquendi.
1419 582 1547 624 Istud
1562 577 1710 644 {foffifflgl

150 655 321 696 deletur
373 655 461 695 sic:
523 653 559 694 si
575 653 588 676 ¹
639 667 852 709 ponamus
912 652 1004 704 hoc,
1042 655 1149 694 1311116
1210 667 1307 693 611111
1363 651 1548 693 materia
1567 658 1647 689 than
1662 659 1740 690 real.

150 722 242 764 haec
282 722 442 764 habeat
483 721 665 763 formam
706 720 877 776 generis
918 720 1241 777 generalissimi,
1275 722 1319 762 et
1339 720 1419 761 fiat
1453 720 1553 761 sub-

150 791 316 832 stantia
377 804 474 845 quae
527 792 594 831 est
645 803 782 844 genus
842 788 1231 844 generalissimum,
1290 788 1410 830 :uon2
1471 789 1554 830 erit

151 857 326 913 aliqua3
366 857 547 899 ulterior
588 857 839 899 difl‘ei‘entia
880 857 1087 908 mater-ize,
1120 871 1200 899 nec
1241 857 1412 913 gradus,
1454 857 1556 899 licet

150 926 311 982 gradus
352 926 502 968 formae
544 926 767 967 addantur
797 940 934 981 usque
978 926 1034 967 ad
1076 925 1464 981 specialissimam3
1506 929 1557 967 ut

151 995 382 1050 loquamur
434 994 487 1036 de
541 994 802 1043 substantia,
835 998 879 1035 et
911 1008 1099 1050 corpore,
1152 1009 1243 1036 non
1294 994 1471 1046 coelesti,
1510 998 1554 1035 et

152 1062 302 1113 mixto,
347 1066 391 1104 et
422 1062 629 1114 animato,
664 1066 708 1104 et
739 1062 933 1112 animali,
968 1066 1013 1104 et
1045 1063 1196 1104 asino:
1229 1063 1300 1104 hic
1332 1077 1432 1117 ergo
1454 1066 1558 1103 sunt

152 1135 320 1187 septem
363 1131 526 1187 gradus
569 1131 718 1173 formae
761 1146 787 1172 a
833 1131 1157 1186 generalissimo
1204 1131 1260 1172 ad
1306 1131 1558 1187 specialissi-

154 1215 285 1249 mum,
319 1199 495 1250 scilicet,
529 1199 668 1241 forma
689 1199 1003 1250 substantialis,
1027 1199 1168 1240 forma
1195 1200 1436 1256 corporalis,
1470 1214 1559 1240 non

154 1268 353 1319 coelestis,
386 1267 525 1309 forma
555 1268 698 1317 mixti,
745 1268 886 1309 forma
929 1268 1128 1319 animati,
1174 1267 1312 1309 forma
1343 1260 1556 1317 animalis,

154 1336 295 1377 forma
326 1336 437 1377 asini
481 1336 679 1391 specifici.
757 1335 843 1377 Sed
883 1351 909 1377 a
951 1339 1076 1392 parte
1119 1336 1315 1378 materiae
1358 1351 1446 1377 non
1493 1340 1560 1378 est

156 1404 313 1459 aliquis
354 1403 529 1459 gradus,
573 1418 652 1445 nec
695 1403 952 1453 differentia,
997 1404 1099 1459 quia
1139 1419 1229 1445 una
1271 1407 1337 1446 est
1378 1419 1559 1445 numero

155 1472 347 1513 indivisa
389 1471 629 1513 secundum
684 1472 919 1513 essentiam
960 1487 1096 1524 suam,
1140 1475 1192 1513 ut
1246 1472 1418 1524 dicitur,
1462 1488 1559 1528 quae

156 1540 312 1595 recipit
357 1539 542 1581 formam
579 1539 749 1595 generis
783 1539 1111 1594 generalissimi,
1149 1543 1201 1581 ut
1237 1539 1423 1581 formam
1460 1541 1560 1582 sub-

157 1608 344 1649 stantiae.
439 1607 526 1648 Sed
567 1609 674 1648 tunc
731 1607 913 1649 ostendo
955 1608 1070 1662 quod
1125 1622 1215 1649 non
1269 1608 1366 1664 plus
1416 1612 1563 1665 potest

158 1689 310 1731 capere
347 1675 400 1716 de
433 1674 583 1725 forma,
622 1689 702 1717 nec
743 1679 810 1717 est
847 1675 894 1716 in
926 1676 1126 1731 potentia
1154 1676 1211 1717 ad
1262 1677 1370 1719 alios
1403 1678 1564 1734 gradus

157 1744 318 1794 formae‚
354 1746 399 1784 et
436 1743 500 1784 ita
536 1758 763 1799 nunquam
801 1744 1082 1799 generabitur
1114 1745 1273 1797 asinus,
1307 1760 1385 1787 nec
1419 1746 1567 1801 aliqua

159 1812 319 1868 species
362 1811 682 1867 specialissima.
761 1811 878 1853 Nam
919 1827 987 1853 res
1033 1814 1203 1869 generis
1252 1815 1567 1869 generalissimi

161 1882 227 1921 est
283 1879 627 1935 incorruptibilis
669 1883 715 1921 613
756 1880 1076 1936 ingenerabilis,
1121 1881 1226 1936 quia
1281 1885 1440 1923 natura
1481 1898 1569 1924 non

161 1950 308 2003 potest
350 1947 472 1988 illam
516 1961 788 2003 corrumpere
824 1962 905 1989 nec
957 1963 1176 2003 generare,
1220 1949 1322 2004 quia
1362 1951 1570 2006 praecedit

162 2017 369 2056 naturam
423 2015 666 2070 angelicam
710 2018 754 2056 et
791 2016 1025 2068 coelestem,
1060 2031 1157 2072 quae
1195 2021 1297 2059 sunt
1344 2018 1565 2075 incorrup-

162 2082 308 2124 tibiles
349 2085 393 2124 et
434 2082 764 2138 ingenerabiles.
849 2083 937 2125 Sed
980 2099 1108 2127 causa
1149 2086 1488 2143 incorruptionis
1519 2088 1566 2128 in

163 2151 317 2206 angelo
355 2153 400 2192 et
437 2150 577 2201 eoelo,4
617 2154 669 2192 ut
706 2165 854 2193 omnes
888 2153 1142 2206 concedunt,
1187 2157 1252 2196 est
1288 2155 1391 2210 quia
1426 2156 1566 2197 forma

163 2219 353 2275 complet
407 2222 551 2260 totam
604 2221 853 2275 potentiam
906 2222 1102 2264 materiae
1145 2223 1193 2264 in
1234 2223 1306 2275 eis,
1350 2227 1395 2266 et
1436 2240 1563 2280 appe-

166 2287 303 2329 titum
346 2287 440 2343 ejus
494 2287 616 2331 finit:
674 2289 778 2344 quia
828 2289 1026 2344 potentia
1070 2291 1126 2331 ad
1167 2291 1351 2334 formam
1402 2307 1563 2334 novam.

163 2358 208 2398 et
265 2355 490 2411 appetitus
545 2359 610 2398 est
667 2371 797 2398 causa
853 2358 1142 2414 corruptionis
1182 2360 1228 2401 in
1283 2362 1412 2403 rebus
1474 2377 1562 2404 cor-

162 2423 458 2480 ruptibilibus,
502 2427 554 2466 ut
591 2439 739 2467 omnes
786 2425 931 2467 sciunt
979 2429 1023 2468 et
1060 2427 1222 2471 dicunt.
1305 2429 1422 2486 Ergo
1465 2446 1562 2472 cum

162 2506 230 2534 res
266 2492 436 2548 generis
469 2493 784 2548 generalissimi
817 2494 875 2536 sit
900 2494 1253 2552 incorruptibilis,
1282 2499 1563 2542 manifestum

165 2562 231 2602 est
271 2560 388 2616 quod
426 2575 505 2602 sua
546 2561 687 2603 forma
727 2563 914 2619 complet
951 2566 1091 2607 totam
1126 2567 1372 2621 potentiam
1405 2572 1451 2610 et
1488 2584 1562 2626 ap-

214 2816 223 2834 ¹
239 2816 286 2858 si]
313 2826 390 2848 nam
407 2817 444 2856 si,
460 2817 499 2848 B.
513 2819 553 2849 L.
572 2818 614 2850 U.
942 2821 953 2839 ³
969 2820 1097 2863 aliqua]
1124 2822 1199 2862 alia,
1222 2822 1262 2856 T.

215 2869 228 2887 2
244 2869 321 2911 non]
347 2873 428 2901 tune
449 2881 527 2909 non,
549 2871 588 2904 B.
605 2872 643 2906 L,
661 2871 703 2905 U.
945 2875 956 2892 ⁴
972 2873 1064 2916 coelo]
1090 2874 1125 2906 in
1141 2875 1233 2915 coelo,
1258 2876 1297 2909 Τ.
