1964 3259
223 255 377 312 mur]
756 267 870 296 opvs
901 266 1111 297 TERTIUM.
1530 254 1616 301 257

218 382 265 424 Si
296 384 411 425 enim
443 384 553 425 alius
575 383 738 425 diceret
770 383 830 424 ibi
857 382 1032 438 primis
1052 383 1099 422 in
1121 381 1284 430 dativo,
1308 382 1617 436 grammaticus

216 451 355 493 solum
388 452 550 495 diceret
583 452 697 507 quod
729 452 819 507 ipse
851 454 1001 492 contra
1032 453 1229 491 auctores
1261 449 1407 504 posuit
1438 449 1616 505 longam

216 533 294 574 pro
344 520 478 562 brevi.
561 520 648 562 Sed
700 518 888 560 musicus
941 517 1046 559 dicit
1098 517 1213 572 quod
1263 521 1435 572 teinpus
1489 517 1619 572 hujus

216 587 397 642 syllabae
443 588 584 644 longae
628 587 856 643 superfluit
898 586 946 626 in
989 586 1223 627 medietate
1267 600 1356 636 sua,
1391 585 1493 640 quia
1535 586 1620 626 duo

216 658 414 712 tempora
445 656 578 698 habet
608 656 738 711 longa
769 654 950 710 syllaba,
984 654 1128 695 brevis
1159 653 1293 695 habet
1324 669 1475 695 unum.

277 725 364 766 Sed
394 729 593 776 metrum,
619 723 734 779 quod
755 724 824 764 hic
857 723 1007 774 oritur,
1039 737 1128 763 non
1148 722 1334 777 requirit
1365 722 1452 763 nisi
1478 737 1618 763 unum

214 795 386 849 tempus
453 793 688 835 secundum
741 791 934 833 debitam
987 790 1311 846 proportionem
1361 790 1520 842 metri,
1577 794 1621 831 et

213 859 310 902 ideo
343 864 514 917 oportet
546 860 660 915 quod
698 859 867 914 syllaba
911 859 975 900 ibi
1017 862 1207 914 ponatur
1250 857 1408 909 brevis,
1447 862 1491 899 et
1531 872 1619 898 non

211 928 349 984 longa.
413 929 525 971 Cum
556 929 692 984 igitur
723 943 851 984 prosa
881 927 1064 982 requirit
1095 931 1146 968 ut
1177 927 1331 968 breves
1365 926 1545 981 syllaba}
1575 930 1619 967 et

210 997 352 1052 longae
388 1001 616 1039 serventur
648 997 796 1038 debito
829 995 958 1037 modo
990 996 1037 1036 in
1070 995 1251 1050 syllabis
1303 994 1498 1036 omnium
1541 995 1617 1035 tri-

209 1065 519 1119 syllabicarum
551 1064 814 1107 dictionum¹
850 1068 894 1106 et
926 1064 1118 1120 plurium
1150 1063 1432 1118 syllabarum,
1475 1077 1619 1104 neces-

211 1134 324 1175 saria
355 1142 457 1176 sunt
500 1135 556 1175 ad
599 1133 892 1190 prolationem
926 1132 1165 1188 Scripturae
1209 1131 1389 1183 musica,
1437 1131 1618 1171 metrica

210 1206 254 1243 et
285 1203 544 1258 rhythmica,
579 1218 676 1258 quae
707 1201 959 1257 hujusmodi
990 1200 1289 1255 longitudines
1312 1202 1356 1240 et
1378 1199 1617 1240 brevitates

210 1271 495 1313 considerant.
557 1271 673 1312 Nam
706 1271 830 1312 docet
862 1269 1138 1325 Augustinus
1183 1267 1299 1322 quod
1342 1282 1430 1308 non
1477 1267 1615 1308 solum

210 1342 361 1390 metra,
395 1340 470 1381 sed
501 1338 703 1394 rhythmi
735 1340 1058 1392 componuntur
1094 1350 1150 1376 ex
1183 1335 1368 1391 pedibus
1400 1339 1445 1376 et
1477 1335 1616 1390 longis

209 1409 254 1447 et
294 1406 512 1448 brevibus.
576 1406 688 1448 Cum
731 1420 834 1446 vero
881 1404 1041 1460 regulae
1073 1403 1185 1445 circa
1226 1403 1319 1444 haec
1360 1403 1449 1443 sint
1491 1403 1614 1457 quasi

207 1473 393 1515 infinitis
426 1474 565 1516 modis
597 1474 788 1522 variatae,
821 1487 1068 1528 percurram
1120 1471 1167 1512 in
1214 1485 1384 1511 summa
1430 1471 1484 1511 de
1531 1471 1609 1522 his,

206 1556 369 1598 ponens
402 1543 601 1598 exempla
631 1541 768 1598 magis
799 1541 981 1596 Vulgata
1003 1540 1050 1580 in
1083 1539 1240 1591 Biblia,
1274 1538 1321 1578 in
1353 1537 1511 1593 quibus
1544 1542 1609 1579 est

207 1611 346 1666 major
377 1610 626 1652 obscuritas.

266 1678 438 1720 Vocalis
482 1682 585 1719 ante
631 1677 823 1718 vocalem
864 1676 912 1716 in
954 1674 1124 1716 Latinis
1167 1673 1432 1715 dictionibus
1479 1674 1608 1715 corri-

204 1746 334 1801 pitur,
379 1749 431 1787 ut
482 1759 644 1802 caprea,
677 1744 869 1800 praemia,
905 1743 1070 1793 trabea,
1116 1742 1389 1792 contumelia,
1438 1746 1607 1784 contro-

204 1813 372 1866 versia3
405 1814 506 1855 licet
528 1813 726 1869 quaedam
749 1812 1036 1867 excipiantur,
1060 1811 1112 1852 de
1135 1810 1294 1865 quibus
1326 1824 1415 1851 non
1437 1814 1503 1851 est
1529 1811 1605 1852 vis

205 1881 271 1923 De
294 1882 457 1924 Graecis
479 1885 524 1923 et
541 1881 755 1931 Hebraeis,
778 1880 956 1921 nomina
988 1878 1232 1920 desinentia
1257 1878 1305 1918 in
1327 1892 1388 1927 ecc,
1411 1878 1608 1919 solebant

202 1951 391 2005 produci,
424 1953 476 1991 ut
508 1949 676 1999 Medea,
710 1948 873 1997 Platea,
900 1947 1062 1997 Corea3
1111 1950 1156 1987 et
1186 1945 1361 2001 propria
1391 1945 1438 1986 in
1470 1944 1532 1997 ία,
1556 1951 1606 1987 ut

203 2018 356 2069 Maria,
406 2017 572 2066 Sal-uia,
617 2015 776 2057 Lucia:
856 2018 1005 2056 tamen
1047 2013 1375 2068 tetrasyllabica
1433 2013 1604 2055 breviat

200 2100 305 2128 usus
336 2088 494 2136 noster,
529 2088 580 2126 ut
612 2084 803 2133 Athalia,
838 2082 1086 2133 Anastasia,
1116 2081 1316 2132 Caecilia3
1349 2085 1393 2122 et
1424 2083 1602 2123 nomina

199 2155 438 2210 regionum,
471 2157 524 2194 ut
556 2152 714 2203 Media,
739 2151 881 2206 Syria,
917 2150 1125 2199 Samaria,
1160 2150 1272 2190 sicut
1304 2150 1410 2190 dicit
1443 2149 1599 2191 Prisci-

198 2238 307 2264 anus
358 2222 407 2263 in
458 2221 570 2262 libro
622 2220 1005 2275 Appellativorum
1068 2221 1222 2272 quarto
1279 2215 1329 2272 [c.
1353 2216 1431 2273 ].];
1492 2209 1596 2259 vero

198 2291 398 2346 quaedam
444 2290 692 2345 longantur,
740 2291 791 2328 ut
837 2286 1004 2343 agonia,
1053 2285 1296 2341 epiphania,
1344 2284 1596 2335 hierarchia,

197 2358 448 2415 psalmodia,
495 2357 694 2408 melodia,
728 2354 988 2410 symphonia
1018 2353 1066 2394 in
1114 2353 1233 2394 Luca
1264 2366 1342 2407 pro
1374 2357 1597 2404 concentu,

196 2427 271 2468 sed
316 2440 393 2482 pro
426 2439 588 2481 organo
631 2424 678 2464 in
724 2423 906 2464 Daniele
939 2422 1194 2477 corripitur:
1218 2421 1334 2462 unde
1371 2421 1595 2472 Horatius,

199 2499 221 2515 “
253 2494 513 2549 symphonia
564 2490 761 2534 (1136013.υ
824 2490 911 2532 Sed
961 2489 1255 2545 corripiuntur
1303 2489 1514 2543 quaedam,
1546 2493 1597 2531 ut

195 2561 509 2617 gastrimargia,
543 2560 819 2616 synonymia,
851 2558 992 2610 latria,
1025 2557 1320 2613 scenophagia.

256 2631 429 2672 Nomen
474 2631 520 2671 in
568 2644 641 2672 cas
690 2632 734 2672 et
785 2629 833 2669 in
884 2628 959 2671 ias
995 2627 1260 2684 producitur,
1294 2630 1345 2667 ut
1384 2627 1594 2678 Andreas,

196 2698 366 2747 AEneas,
401 2698 534 2748 Elias,
571 2697 754 2753 Lysias,
787 2696 1005 2752 excipitur
1037 2695 1263 2736 Herodias.

711 2926 717 2944 ¹
736 2924 922 2967 dictionum]
942 2935 1005 2957 om.
1030 2924 1068 2956 Τ.

309 2991 407 3021 VOL.
433 2991 459 3021 Ῑ.
1403 2988 1433 3018 R

1628 1675 1729 1707 Rules
1743 1676 1795 1707 for

1627 1721 1806 1752 determin-

1626 1765 1684 1807 ing
1700 1767 1779 1806 long

1626 1812 1691 1841 and
1707 1809 1799 1841 short

1626 1855 1781 1896 syllables

1624 1899 1658 1929 in
1672 1901 1726 1932 the

1625 1943 1783 1986 Vulgare.
