1964 3259
158 397 303 430 Various

159 443 309 475 versions
330 442 370 474 of

159 490 215 520 the
230 488 341 528 Scrip-

160 539 257 565 tures.

382 265 468 306 338
888 274 1060 306 ROGERI
1091 274 1283 306 BAOONIS

380 391 486 432 dum
522 405 626 433 vero
664 390 779 446 quod
815 391 1046 433 translatio
1084 391 1397 434 Theodotionis
1438 392 1576 449 magis
1617 406 1789 434 concor-

382 459 518 502 dabat
570 475 666 501 cuin
720 459 1025 516 Septuaginta,
1085 464 1128 502 et
1175 460 1273 502 ideo
1328 459 1536 517 Origenes
1602 461 1791 503 correxit

382 528 675 584 Septuaginta
718 543 795 583 per
827 528 1171 570 Theodotionem
1216 529 1355 585 magis
1388 544 1520 585 quam
1561 544 1639 586 per
1683 528 1792 570 alias

383 597 702 648 translationes,
768 599 812 638 ct
871 612 1005 653 prope
1067 612 1137 639 eas
1189 598 1320 640 simul
1378 599 1538 655 posuit,
1591 597 1794 654 quamvis

383 665 614 707 translatio
670 664 964 720 Septuaginta
1019 663 1178 721 prima*
1216 667 1313 708 fuit.
1404 666 1465 708 Et
1521 667 1794 709 consideran-

385 734 488 776 dum
531 734 648 789 quod
691 733 720 775 J
725 733 928 789 osephus¹
971 733 1079 776 dicit
1111 749 1181 776 eos
1225 738 1401 777 tantum
1438 735 1630 791 quinque
1661 735 1794 776 libros

388 802 533 858 Moysi
564 802 849 853 transtulisse,
883 806 934 844 ut
965 806 1088 859 patet
1135 804 1182 845 in
1229 804 1406 861 prologo
1443 805 1509 846 sui
1546 803 1656 846 libri.
1734 802 1794 844 Et

388 871 698 928 Hieronymus,
742 872 787 912 in
829 872 1008 928 prologo
1062 873 1364 924 Quaestionum
1413 888 1541 930 super
1594 872 1794 922 Genesin,

384 941 541 982 recitat
564 944 608 982 et
640 940 868 982 confirmat
899 941 977 982 hos
1007 941 1141 983 libros
1173 942 1366 998 quinque
1397 943 1538 999 magis
1569 957 1667 984 cum
1701 941 1793 983 He-

385 1008 505 1050 braeo
537 1009 818 1051 coneordatos
851 1024 981 1064 quam
1013 1013 1191 1052 caeteros
1222 1011 1357 1052 libros
1390 1011 1464 1066 qui
1488 1010 1791 1067 Septuaginta,

384 1077 700 1133 interpretibus
751 1077 1042 1128 ascribuntur,
1095 1081 1307 1134 tanquam
1360 1079 1413 1120 de
1463 1079 1549 1120 illis
1601 1079 1794 1134 quinque

384 1147 551 1186 certum
595 1145 653 1186 sit
695 1145 812 1200 quod
854 1145 1034 1187 fuerunt
1076 1146 1129 1187 de
1170 1148 1455 1189 translatione
1489 1147 1794 1203 Septuaginta,

384 1227 482 1255 cum
528 1213 709 1255 Hebraei
764 1217 1033 1269 exponentes
1074 1215 1211 1256 secuti
1258 1218 1363 1257 sunt
1406 1215 1642 1258 Hebraeam
1682 1215 1795 1257 veri-

384 1284 537 1323 tatem.
603 1281 690 1323 Sed
727 1297 825 1324 cuin
861 1283 1023 1325 dicitur
1055 1283 1102 1324 in
1144 1283 1242 1325 aliis
1276 1284 1401 1325 libris
1442 1298 1573 1340 quam
1604 1283 1795 1325 multum

385 1350 554 1391 distant
588 1350 643 1391 ab
680 1350 880 1401 Hebraeo,
914 1351 1072 1393 falsum
1108 1355 1184 1404 est,
1213 1352 1285 1394 vel
1314 1352 1491 1394 omnino
1524 1352 1707 1393 dubium
1739 1365 1797 1392 an

386 1418 679 1475 Septuaginta
709 1419 967 1475 interpretes
993 1435 1065 1462 eos
1097 1421 1327 1473 ediderint,
1349 1421 1550 1477 quamvis
1572 1420 1631 1463 eis
1652 1424 1795 1462 totum

385 1486 718 1529 Testamentum
761 1488 901 1529 Vetus
938 1490 1189 1531 ascribatur.
1255 1490 1342 1531 Sed
1393 1490 1449 1531 ab
1501 1489 1599 1531 aliis
1649 1488 1797 1545 potuit

385 1554 514 1596 fuisse
537 1556 799 1597 translatum
831 1560 876 1597 et
898 1557 1112 1607 additum,
1135 1561 1315 1614 propter
1346 1558 1462 1613 quod
1485 1557 1796 1613 Hieronymus,

383 1623 432 1663 in
483 1624 659 1680 prologo
711 1624 812 1665 libri
855 1625 921 1665 sui
970 1641 1098 1681 super
1143 1627 1284 1678 Esaia,
1330 1626 1439 1668 dicit
1475 1626 1710 1681 Apostolos
1752 1627 1796 1665 et

387 1691 690 1747 Evangelistas
733 1707 783 1733 ea
819 1696 995 1734 tantum
1039 1695 1091 1735 de
1135 1694 1426 1750 Septuaginta
1467 1693 1792 1749 interpretibus,

385 1760 457 1800 vel
490 1760 579 1801 suis
613 1761 681 1802 vel
716 1775 864 1802 eorum
899 1762 1053 1813 verbis,
1089 1777 1247 1818 ponere
1285 1762 1537 1804 testimonia
1567 1777 1665 1817 quae
1697 1776 1793 1803 cum

386 1827 606 1869 Hebraico
648 1834 966 1881 consonarent3
1009 1831 1046 1871 si
1087 1846 1185 1885 quae
1220 1834 1368 1872 autem
1411 1831 1467 1872 ab
1504 1830 1600 1871 aliis
1642 1829 1796 1871 addita

385 1900 489 1938 sunt
531 1898 707 1938 omnino
759 1898 994 1954 negligere.
1079 1898 1139 1940 Et
1191 1913 1320 1955 super
1367 1899 1637 1941 Ezechielem
1688 1898 1796 1939 dicit

386 1966 503 2021 quod
532 1966 740 2018 Aristeas,
773 1970 818 2008 et
849 1967 1076 2024 Josephus‚
1106 1971 1150 2009 et
1181 1969 1321 2010 omnis
1354 1968 1496 2009 schola
1527 1967 1557 2010 J
1561 1967 1799 2019 udaeorum,

388 2035 581 2090 quinque
633 2035 766 2076 libros
811 2036 954 2091 Moysi
1006 2039 1183 2077 tantum
1232 2052 1257 2077 a
1311 2036 1605 2093 Septuaginta
1655 2039 1796 2077 traus-

386 2103 498 2144 latos
525 2117 613 2145 esse
646 2107 857 2146 asserunt.
925 2104 1160 2146 Sciendum
1193 2105 1326 2147 etiam
1359 2105 1473 2160 quod
1508 2105 1579 2146 hic
1611 2103 1796 2160 singulae

389 2171 603 2213 editiones
635 2172 811 2227 Aquilae
845 2179 887 2214 et
926 2173 1179 2228 Symmachi
1216 2174 1271 2214 in·
1298 2172 1539 2229 Hexaplis2
1571 2173 1796 2214 continen-

387 2243 492 2291 tur,
535 2244 579 2281 et
614 2241 791 2296 utrique
829 2255 978 2283 eorum
1012 2257 1100 2283 una
1133 2242 1394 2284 attribuitur
1431 2242 1565 2283 editio
1602 2256 1700 2283 cum
1736 2241 1797 2282 lo-

390 2308 566 2362 quimur
619 2308 672 2350 de
734 2309 1048 2365 principalibus
1110 2314 1206 2351 octo
1269 2299 1646 2361 translationibus,
1700 2324 1797 2351 cum

390 2376 554 2430 Aquila
595 2376 746 2418 fecerit
786 2378 974 2432 primam
1016 2381 1061 2419 et
1114 2378 1348 2419 secundam
1391 2378 1642 2427 editionem,
1686 2376 1799 2418 sicut

391 2442 692 2497 Hieronymus
742 2450 893 2486 narrat
945 2446 1132 2487 secundo
1186 2446 1296 2487 libro
1349 2459 1478 2500 super
1525 2443 1798 2486 Jeremiam.⁸

392 2510 452 2552 Et
495 2511 785 2566 Symmachus
833 2513 1036 2554 similiter
1080 2514 1266 2569 primam
1310 2516 1355 2554 et
1397 2513 1643 2565 secundam,
1686 2512 1799 2554 sicut

393 2578 693 2636 Hieronymus
725 2580 834 2622 dicit
864 2581 911 2621 in
943 2584 1068 2623 sexto
1098 2581 1211 2623 libro
1243 2595 1371 2636 super
1403 2579 1622 2622 eundein.4

439 2713 645 2757 ¹J0sephus]
673 2715 790 2757 Antiq.
809 2716 868 2747 xii.
888 2720 917 2748 2.
1175 2715 1347 2758 *²eu7zdem]
1383 2716 1455 2747 The
1492 2716 1566 2748 MS.
1607 2716 1696 2755 adds,
1738 2716 1797 2749 Se-

438 2767 647 2810 ²He1aplis]
677 2769 848 2810 exemplis,
876 2769 948 2802 MS.
1130 2770 1250 2811 quitur.
1317 2770 1389 2802 Nec
1438 2771 1524 2801 unde
1562 2779 1670 2801 sermo
1708 2769 1800 2811 prius

438 2821 450 2839 3
465 2821 659 2863 Jeremz'am]
687 2822 728 2853 In
753 2833 823 2863 cap.
841 2833 874 2863 γ.
895 2826 947 2855 22.
999 2822 1060 2856 See
1130 2824 1213 2855 dico.

392 2872 461 2905 also
477 2879 553 2905 note
567 2873 609 2906 ib.
