1964 3259
328 268 394 311 xii

933 277 1149 310 PREFACE.

325 397 413 438 and
435 397 502 438 his
524 397 693 447 barons,
718 396 835 452 Pope
859 395 1016 437 Urban
1038 394 1115 436 IV.
1139 392 1405 449 despatched
1428 391 1528 445 Guy
1551 390 1591 431 le
1613 389 1736 440 Cri-os,

325 480 374 507 or
405 465 456 506 de
491 464 723 520 Foulques,
758 464 864 506 then
897 463 1091 505 cardinal
1112 462 1199 503 and
1220 461 1376 517 bishop
1399 460 1446 502 of
1471 458 1647 508 Sabina,
1683 473 1740 499 on

326 549 352 575 a
403 533 582 575 mission
628 533 677 575 of
721 546 848 588 peace
895 535 942 574 to
992 531 1081 573 this
1124 533 1322 585 country.
1398 525 1648 582 According
1690 529 1738 567 to

324 794 343 810 “
369 792 516 833 partibus
533 789 759 823 ultramarinis
775 793 904 831 agente,
918 797 996 820 ecce

322 848 341 862 (ί

323 901 342 915 66

322 953 341 968 ‘t

322 1006 329 1020 ί

333 1008 340 1020 r

322 1058 341 1072 ιί

321 1109 340 1123 ἐξ

321 1162 339 1175 66

320 1214 338 1227 δέ

320 1266 338 1281 ιζ

320 1320 338 1333 15

319 1374 337 1386 bt

319 1424 339 1439 (ί

366 845 423 886 (1111
441 846 482 876 ad
506 844 684 886 pristinum
701 847 822 874 statum
848 846 880 873 et
906 846 995 872 tran

368 897 564 939 quillitatem
609 896 855 928 reformandam
902 903 993 925 acce·

365 952 443 982 dere
467 951 669 991 sperabatur,
696 959 787 990 spem
803 947 894 989 pacis
912 951 943 978 et
959 946 995 976 in

364 1003 626 1044 desperationem
664 1001 909 1039 commutando,
939 999 992 1029 in-

364 1056 502 1087 terdixit
518 1060 686 1096 portantes
702 1054 829 1091 vinum,
846 1053 992 1090 bladum,

364 1110 397 1137 et
426 1105 617 1146 hujusmodi
647 1103 814 1139 victualia,
838 1102 993 1133 humana:

364 1159 441 1189 vitae
474 1157 671 1196 necessaria,
702 1156 737 1187 in
765 1165 905 1196 regnum
919 1155 992 1185 An<

363 1211 450 1251 gliae,
491 1211 551 1241 sub
589 1220 686 1250 poena
724 1207 993 1240 excommunica-

363 1264 465 1294 tionis
492 1263 685 1297 inhibendo,
713 1272 753 1293 ne
775 1261 848 1302 quis
864 1260 992 1298 vinum,

363 1317 509 1354 bladum,
542 1320 573 1346 et
604 1314 669 1346 alia
699 1313 918 1345 mercimonia
956 1311 990 1342 in

363 1369 560 1409 praedictum
581 1377 721 1408 regumn
737 1366 888 1397 deferret.
935 1363 992 1396 Oi<

364 1421 448 1452 tavit
473 1421 608 1461 insuper
635 1420 795 1461 quosdam
822 1417 992 1459 episcopos

318 1478 336 1492 ‘⁸'
361 1473 568 1515 peremtorie,
584 1477 620 1503 ut
636 1476 865 1512 comparerent
880 1480 992 1501 coram

319 1530 337 1544 ίδ

318 1582 336 1597 86

319 1635 339 1649 66

319 1688 338 1702 66

321 1742 340 1755 ‘b

318 1793 338 1806 bb

319 1848 337 1860 64

318 1900 337 1912 δέ

318 1954 336 1965 “
362 1948 512 1979 London.
519 1972 526 1985 ,

317 2006 336 2017 ⁴*
362 2000 533 2041 supposuit

319 2057 337 2071 66

320 2109 339 2123 ‘5

319 2163 336 2176 ‘S

321 2215 339 2229 ίί

320 2267 338 2281 ιί

363 1537 397 1558 se
414 1532 510 1558 extra
525 1535 676 1566 regnum,
700 1523 848 1565 praefixis
865 1523 912 1554 eis
938 1523 992 1553 die

366 1579 432 1621 [ct]
453 1579 526 1610 1000
539 1588 636 1619 super
647 1576 870 1609 obedientiam
887 1586 990 1607 suam.

365 1631 572 1664 Sententiam
633 1628 989 1662 excommunicationis

364 1683 556 1715 fulminavit
582 1683 617 1713 in
649 1682 805 1714 comitem
817 1682 931 1723 Leyc.,
960 1685 992 1712 et

364 1737 435 1777 ejus
465 1737 563 1775 filios,
595 1736 774 1778 Hugonem
811 1735 990 1775 Dispensa-

362 1795 478 1828 torem,
506 1794 538 1820 et
564 1798 679 1820 omnes
704 1787 752 1820 eis
778 1787 813 1818 in
841 1786 992 1825 consilio,

363 1842 503 1881 auxilio,
545 1846 578 1873 et
623 1842 748 1878 favore,
787 1839 991 1871 habitatores

362 1895 518 1935 Quinque
549 1894 712 1925 Portnum
751 1898 782 1924 et
822 1891 991 1923 civitatem

603 1956 700 1987 super
770 1943 993 1976 ecclesiastico

594 1998 782 2035 interdicto,
828 1996 995 2028 mandatis

362 2064 422 2095 per
459 2053 586 2083 litteras
625 2061 699 2082 suas
738 2049 921 2081 Londoniae
962 2053 993 2079 et

362 2105 548 2147 lVigorniae
581 2103 744 2145 episcopis
775 2107 808 2134 et
838 2101 992 2133 omnibus

362 2158 434 2190 aliis
463 2157 680 2198 suffraganeis
706 2156 862 2188 Cantuar.
888 2154 991 2186 eccle-

365 2212 432 2248 size,
461 2217 494 2242 et
521 2210 620 2242 dictis
642 2209 796 2250 lVigorn.
825 2213 857 2239 et
883 2207 991 2237 Lond.

364 2264 544 2304 injungens
575 2262 655 2294 viva
684 2272 776 2298 voce,
805 2265 836 2292 et
870 2260 992 2290 virtute

321 2320 339 2334 ‘⁴'
365 2315 561 2347 obedientiae
595 2314 802 2355 praecipiens,
838 2312 993 2353 quatinus

319 2371 337 2387 ‘6

320 2425 338 2438 66

321 2478 340 2491 66

321 2531 340 2545 <e

319 2583 338 2597 Η

321 2635 340 2650 ιζ

363 2369 468 2400 dictos
506 2366 812 2398 excommunicatos
849 2364 995 2396 vitarent

364 2422 399 2452 in
428 2420 592 2458 omnibus,
620 2425 652 2451 et
668 2419 773 2450 dictas
800 2427 992 2449 excommu-

364 2473 542 2505 nicationis
556 2471 736 2504 sententias
749 2475 994 2508 conservarent,

365 2532 397 2558 et
423 2527 570 2557 facerent
593 2523 733 2565 singulis
757 2522 825 2554 suis
849 2522 993 2553 civitati-

361 2580 423 2611 bus
436 2583 467 2610 ct
480 2577 665 2610 diocesibus
676 2575 853 2607 observari.
888 2575 995 2606 Porro

365 2631 609 2664 communicato
626 2628 763 2661 consilio
782 2627 928 2668 episcopi
944 2633 991 2659 at-

323 2687 341 2703 “
365 2686 548 2721 tendentes,
573 2681 767 2714 sententiam
794 2680 935 2721 priorem
959 2685 991 2711 et

321 2742 339 2755 Δί

322 2793 341 2808 ‘5

321 2848 339 2863 (ὅ

365 2743 480 2770 contra
513 2735 678 2776 justitiam
716 2734 853 2771 illatam,
892 2733 990 2763 modo

364 2789 559 2829 subscripto,
598 2787 815 2828 appellarunt.
874 2784 990 2817 Omni-

364 2846 424 2877 bus
456 2843 581 2876 Christi
611 2842 776 2880 fidelibus,
813 2842 873 2872 Sec.
921 2840 991 2871 Ista

1070 1791 1088 1805 ίί

1071 1844 1089 1857 ὀί

1071 1896 1089 1910 ἐι

1072 1949 1090 1963 ιι

1073 2001 1091 2015 ίί

1073 2053 1091 2067 6(

1072 2106 1090 2119 <C

1071 2157 1090 2172 ‘b

1070 2210 1088 2224 61

1071 2262 1089 2276 u

1070 2580 1087 2593 (G

1070 2632 1088 2646 ‘b

1112 786 1289 826 appellatio
1328 787 1416 827 apud
1450 786 1630 827 Redinges,
1661 785 1741 817 item

1113 839 1357 870 communicato
1374 838 1511 870 consilio
1532 839 1633 870 totius
1649 838 1741 878 cleri,

1112 891 1271 923 recitatur
1294 896 1327 923 et
1352 892 1560 932 approbatur,
1586 896 1618 922 et
1649 890 1743 932 sigil-

1112 945 1153 977 lis
1177 944 1331 976 omnibus
1361 945 1545 976 roboratur.
1592 944 1743 975 Barones

1114 998 1214 1030 etiam
1252 998 1434 1029 adventum
1475 995 1577 1038 legati
1622 996 1742 1027 merito

1113 1051 1271 1082 habentes
1299 1054 1497 1090 suspectum,
1525 1048 1556 1080 ei
1581 1053 1742 1090 negantes

1112 1103 1312 1145 ingressum,
1357 1102 1552 1143 praedictam
1598 1101 1742 1142 appella-

1111 1157 1236 1188 tionem
1263 1156 1456 1197 approbant,
1484 1160 1516 1186 et
1541 1154 1620 1196 quia
1642 1153 1742 1186 totius

1112 1208 1358 1240 communitatis
1385 1218 1438 1239 res
1462 1208 1631 1249 agebatur,
1656 1216 1742 1238 eam-

1113 1265 1188 1295 dem
1214 1261 1403 1302 sigillorum
1427 1259 1612 1291 munimine
1643 1259 1741 1290 robo-

1111 1316 1240 1346 rabant.
1287 1314 1336 1345 Ut
1352 1312 1483 1351 dicitur,
1500 1311 1650 1352 apposita
1665 1316 1743 1343 sunt

1112 1368 1209 1408 signa
1247 1367 1404 1398 abbatum
1445 1369 1676 1405 exemptorum
1711 1368 1743 1396 et

1111 1430 1179 1452 non
1197 1424 1440 1460 exemptorum,
1458 1422 1598 1458 excepto
1624 1418 1742 1448 abbate

1113 1474 1154 1504 de
1181 1472 1304 1504 Sancto
1321 1472 1466 1509 Albano,
1483 1470 1540 1512 qui
1567 1470 1742 1511 praedictas

1113 1524 1349 1566 appellationes
1377 1524 1488 1564 sigillo
1518 1533 1578 1555 suo
1604 1522 1743 1554 minime

1114 1577 1296 1615 roboravit,
1341 1582 1476 1617 propter
1522 1575 1742 1607 reverentiam

1114 1629 1200 1662 sedis
1226 1629 1427 1670 apostolicae,
1454 1638 1552 1670 quem
1576 1628 1743 1659 offendere

1113 1693 1180 1713 non
1206 1682 1357 1720 audebat,
1383 1681 1481 1712 sicuti
1505 1690 1566 1712 nec
1594 1681 1742 1718 debebat,

1113 1735 1191 1766 licet
1207 1745 1226 1766 a
1241 1734 1355 1765 multis
1380 1733 1609 1774 multipliciter
1632 1733 1741 1773 pulsa-

1114 1794 1215 1826 retur,
1246 1792 1278 1818 et
1300 1787 1466 1828 jacturam
1494 1791 1562 1818 tam
1589 1785 1742 1826 spiritua-

1116 1840 1199 1871 lium
1215 1850 1315 1881 quam
1332 1839 1563 1880 temporalium
1579 1839 1742 1869 bonorum

1113 1903 1181 1924 una
1212 1903 1288 1924 cum
1319 1891 1552 1933 indignatione
1579 1892 1742 1922 baronum

1116 1951 1148 1978 et
1164 1945 1394 1986 episcoporum
1422 1944 1744 1976 irreconciliabiliter

1118 1998 1288 2029 incurrere
1304 1997 1511 2028 formidabat.
1544 1996 1744 2028 Alexandro

1119 2060 1204 2091 papa
1240 2050 1389 2081 debitum
1428 2049 1592 2081 universae
1633 2049 1744 2081 carnis

1116 2103 1334 2143 persolvente,
1351 2102 1458 2133 dietus
1485 2102 1624 2143 legatus,
1645 2103 1744 2133 modo

1114 2154 1273 2195 praedicto
1334 2164 1506 2194 perpessus
1567 2154 1742 2194 repulsam,

1115 2217 1276 2245 remeans,
1302 2206 1336 2237 in
1362 2216 1527 2237 summum
1552 2205 1742 2245 pontificem

1115 2259 1227 2291 extitit
1287 2259 1418 2296 electus,
1472 2257 1628 2288 videlicet
1688 2257 1742 2288 die

1082 2319 1089 2328 ⁴
1116 2311 1247 2344 Sanctae
1273 2311 1419 2352 Agathan
1437 2309 1603 2351 Virginis,
1629 2314 1660 2341 et
1687 2310 1741 2341 die

1114 2364 1282 2396 dominica
1313 2368 1388 2395 ante
1419 2361 1658 2404 carniprivium
1690 2362 1740 2393 in-

1082 2426 1088 2435 ·
1113 2417 1231 2459 signiis
1257 2416 1429 2458 papalibus
1448 2414 1631 2446 honorifice
1654 2415 1741 2446 redi-

1072 2478 1078 2488 *
1115 2470 1225 2508 initus,
1242 2469 1299 2511 qui
1316 2474 1428 2510 postea
1445 2468 1649 2500 ottobonum
1665 2478 1739 2499 car—

1082 2529 1089 2540 *
1115 2523 1263 2554 dinalem
1287 2520 1475 2562 apostolicae
1492 2520 1576 2552 sedis
1593 2520 1740 2560 legatum

1113 2576 1147 2606 in
1179 2574 1343 2616 Angliam
1373 2573 1507 2612 direxit,
1531 2573 1571 2604 de
1600 2582 1664 2613 quo
1689 2573 1740 2604 in-

1113 2628 1217 2660 ferius
1234 2625 1392 2659 dicetur.”

1116 2681 1190 2712 The
1223 2678 1400 2711 cardinal’s
1430 2687 1504 2708 own
1536 2681 1676 2708 account
1707 2677 1745 2708 of

1070 2733 1122 2764 his
1153 2732 1291 2764 1111551011
1322 2731 1459 2772 111111,ὺο
1489 2729 1592 2761 found
1623 2730 1658 2760 in
1686 2729 1740 2761 his

1069 2786 1175 2826 Epist.
1202 2784 1325 2817 xxxiii.
1354 2793 1426 2816 cxc.

1475 2782 1637 2823 Compare
1669 2783 1739 2814 also

1070 2838 1199 2871 cxlviii.
