1964 3259
210 276 292 331 ix]
748 286 983 318 APPENDIX
1018 289 1042 318 1.
1519 282 1542 319 5
1554 282 1602 320 45

207 417 352 443 rarum
395 403 556 444 diversi
596 403 772 458 generis.
847 402 964 443 Nam
1004 404 1062 443 sic
1106 402 1286 443 Ethicus
1333 406 1603 444 astronomus

207 485 328 511 suam
372 469 609 512 occultavit
648 470 917 525 sapientiam,
963 484 1011 511 co
1054 469 1169 525 quod
1211 469 1348 511 literis
1393 470 1601 520 Hebraeis,

207 541 250 578 ct
273 537 444 587 Grfecis,
483 540 526 579 et
565 537 734 578 Latinis
777 552 871 578 eam
914 538 1168 592 conscripsit
1210 538 1256 578 in
1300 538 1452 579 eadam
1495 539 1602 580 serie

205 606 440 660 scripturae.
488 605 654 656 Quinto
684 604 962 646 occultabant
997 605 1174 660 quidam
1208 620 1283 661 per
1305 606 1409 646 alias
1441 606 1601 658 literas,

205 673 317 714 sicut
344 687 424 714 nec
454 673 570 728 apud
602 675 777 728 gentem
807 687 940 722 suam,
986 687 1063 714 nec
1095 673 1211 728 apud
1244 672 1349 713 alias
1388 674 1599 723 nationes,

204 740 279 780 sed
314 740 487 795 fingunt
525 754 596 781 eas
629 754 706 795 pro
740 740 969 781 voluntate
1007 755 1114 789 sua;
1156 744 1201 781 et
1242 741 1321 781 hoc
1358 746 1423 782 est
1465 742 1602 781 maxi-

203 822 323 848 mum
364 807 736 863 impedimentum,
776 821 860 861 quo
903 821 1004 847 usus
1047 811 1112 848 est
1154 808 1394 862 Artephius
1436 808 1482 848 in
1524 823 1600 849 suo

202 875 312 915 libro
356 875 422 916 De
464 875 650 916 Secretis
692 874 888 915 Naturae.
974 874 1110 916 Sexto
1152 874 1267 915 fiunt
1308 889 1397 916 non
1450 875 1600 931 figura]

200 941 437 991 literarum,
476 942 549 983 sed
590 941 686 983 alito
723 941 873 997 figursc
906 942 1191 997 geometricis,
1227 957 1322 997 quse
1365 943 1599 984 secundum

200 1009 498 1051 diversitatem
540 1012 799 1064 punctorum
837 1012 881 1050 ct
922 1013 1126 1050 notarum
1168 1010 1332 1051 habent
1373 1010 1597 1052 literarum

199 1080 470 1131 potestatem,
504 1080 548 1118 ct
584 1077 651 1117 his
694 1077 893 1117 similiter
928 1092 1030 1118 usus
1067 1081 1132 1118 est
1167 1078 1404 1133 Artephius
1438 1078 1485 1118 in
1522 1093 1595 1119 sua

199 1144 386 1185 scicntia..
451 1144 644 1199 Septimo
675 1147 739 1185 est
768 1144 907 1199 majus
936 1145 1169 1186 artificium
1199 1146 1454 1196 occultandi,
1482 1147 1597 1200 quod

200 1212 330 1252 datur
370 1213 416 1253 in
458 1216 550 1253 arte
593 1212 824 1263 notatoria,
861 1227 957 1267 quac
994 1217 1058 1253 est
1100 1228 1167 1253 ars
1204 1213 1385 1254 notandi
1419 1217 1462 1254 ct
1496 1214 1596 1255 scri-

200 1280 330 1320 bendi
363 1294 412 1321 ea
444 1280 662 1321 brevitate
700 1294 785 1334 qua
817 1280 1027 1330 volumus,
1063 1284 1106 1321 et
1148 1295 1197 1322 ea
1238 1281 1468 1322 velocitate
1511 1296 1596 1335 qua

199 1346 509 1388 desideramuss
583 1347 642 1388 Et
683 1347 743 1388 sic
784 1347 923 1388 multa-
973 1352 1133 1388 secreta
1186 1348 1346 1403 scripta
1397 1352 1499 1389 suut
1550 1349 1596 1389 in

198 1415 319 1455 libris
358 1415 626 1456 Latinorum.
689 1415 990 1456 Necessarium
1022 1430 1125 1456 vero
1163 1415 1378 1456 {estimavi
1415 1415 1491 1456 has
1529 1430 1595 1457 oc-

198 1482 455 1523 cultationes
504 1486 711 1538 tangere;
765 1483 868 1537 quia
923 1483 1066 1523 forsan
1114 1486 1291 1538 propter
1335 1487 1594 1524 secretorum

198 1550 544 1604 magnitudinem
579 1550 796 1605 aliquibus
828 1550 895 1591 his
929 1554 1029 1591 utar
1066 1550 1214 1600 modis,
1252 1554 1303 1592 ut
1338 1550 1396 1592 sic
1435 1555 1478 1593 tc
1516 1552 1596 1592 sal-

198 1621 286 1658 tem
313 1617 466 1672 juvem
497 1621 548 1659 ut
579 1632 768 1673 possum.

781 1827 886 1870 CAP.
920 1826 1016 1868 IX.¹

362 1962 427 2003 De
459 1961 590 2003 modo
611 1960 825 2017 faciendi
858 1975 993 2003 ovum
1019 1960 1401 2016 philosophorum.

258 2097 378 2138 DICO
417 2097 553 2152 igitur
595 2097 678 2138 tibi
728 2097 845 2152 quod
885 2096 984 2138 volo
1027 2096 1217 2138 ordinari
1261 2111 1356 2151 quic
1399 2098 1594 2152 superius
1614 2106 1806 2146 Thephilo>

194 2165 370 2205 narravi
417 2179 640 2220 exponere,
697 2168 740 2205 et
786 2165 882 2206 ideo
927 2164 1025 2206 volo
1072 2179 1203 2205 ovum
1243 2152 1756 2226 philos01.›horum{Qssffls

194 2232 439 2283 dissolvere,
478 2236 522 2274 et
565 2235 709 2287 partes
746 2232 1029 2287 philosophici
1068 2231 1163 2273 0vi2
1195 2232 1469 2287 investigare,
1492 2247 1594 2272 nam
1632 2221 1674 2236 ΕΟ

196 2300 273 2341 hoc
295 2303 360 2341 est
381 2300 558 2341 initium
590 2299 762 2340 adalia.
812 2298 1008 2341 Oalcem8
1039 2300 1176 2355 igitur
1210 2300 1440 2355 diligenter
1471 2301 1595 2354 aquis

194 2367 327 2408 alkali
349 2370 393 2408 et
423 2367 520 2409 aliis
552 2368 675 2422 aquis
696 2368 835 2408 acutis
878 2368 1069 2422 purifica,
1105 2371 1149 2408 et
1180 2367 1312 2408 variis
1343 2367 1595 2409 contrition-

195 2435 293 2476 ibus
324 2449 421 2476 cum
453 2435 614 2476 salibus
647 2435 843 2485 confrica,
868 2439 912 2476 et
943 2435 1141 2490 pluribus
1173 2434 1463 2477 assationibus
1495 2449 1593 2476 con-

195 2517 347 2554 crema,
385 2506 435 2544 ut
456 2503 535 2544 fiat
570 2506 686 2544 terra
719 2518 828 2558 pura
858 2503 1032 2558 penitus
1077 2503 1261 2544 lum-ata
1296 2503 1350 2543 ab
1385 2502 1481 2542 aliis
1514 2503 1595 2543 elc-

198 2571 366 2620 montis,
391 2585 519 2625 quam
542 2570 625 2612 tibi
658 2585 735 2625 pro
768 2585 874 2612 mete
896 2570 1185 2625 longitudinis
1225 2573 1393 2611 statura
1416 2570 1593 2624 dignam

239 2775 244 2792 ¹
269 2773 350 2814 Cap.
379 2773 439 2814 1¹12]
475 2775 492 2789 ‘⁶
511 2772 550 2804 In
578 2773 642 2804 alio
670 2773 853 2814 examplari
969 2774 980 2791 2
997 2774 1063 2815 ozri]
1091 2774 1244 2813 hominis,
1272 2775 1343 2806 MS.

193 2826 234 2856 ad
250 2835 353 2866 marg.
371 2839 377 2856 :
405 2825 486 2856 Hoec
501 2830 574 2856 sunt
590 2826 786 2867 cvniymala.”
969 2828 980 2844 ³
1000 2827 1145 2868 Calcem]
1168 2827 1225 2866 sal,
1245 2827 1280 2859 C.

313 2888 411 2919 VOL.
436 2888 463 2918 Ι.
1315 2891 1349 2920 Μ
1381 2891 1416 2921 M
