1964 3259
756 283 870 315 orus
901 284 1056 315 mNus.
1521 273 1606 313 355

206 396 388 440 Ethicus
435 401 710 440 astronomus
752 398 799 438 in
849 398 960 439 libro
1016 410 1093 437 suo
1146 395 1222 450 qui
1266 395 1610 450 Cosmographia

205 469 398 518 vocatur,
452 481 582 522 quam
634 465 875 521 composuit
935 464 1109 515 Graecis,
1165 466 1210 505 et
1272 463 1511 513 Hebraicis,
1567 466 1610 503 et

207 534 377 575 Latinis
427 535 576 585 literis,
634 538 679 576 et
730 532 1052 574 characteribus
1102 530 1290 587 propriis
1341 530 1610 573 intermixtis

206 602 502 658 [composuit],
539 603 631 658 ipse
675 602 901 657 vituperat
953 600 1169 642 Abrachis
1216 602 1515 641 astronomum
1566 601 1611 639 et

207 674 396 721 caeteros,
459 670 535 726 qui
596 684 687 712 non
758 673 861 711 sunt
933 668 1194 725 perscrutati
1266 669 1441 724 plagam
1513 666 1611 708 coeli

207 739 516 794 aquilonarem,
551 739 626 780 sed
666 741 843 780 tantum
886 737 1213 779 meridionalem
1244 736 1292 777 in
1323 751 1409 792 qua
1438 735 1612 777 habita-

207 807 326 848 bant.
390 807 449 848 Et
481 806 794 862 Hieronymus,
827 806 995 862 peritus
1025 806 1074 846 in
1104 805 1277 861 linguis,
1307 804 1536 845 transtulit
1565 804 1614 844 in

206 874 319 916 libro
350 875 424 916 illo
460 889 557 930 quae
588 875 855 916 videbantur
886 869 931 916 ei'
956 874 1210 923 necessaria,
1243 876 1287 915 et
1319 872 1427 914 dicit
1456 873 1504 913 in
1535 886 1614 913 sua

208 943 506 995 translatione,
571 944 688 998 quod
738 943 846 984 alias
897 943 1058 985 fecerat
1107 941 1378 984 mentionem
1430 941 1483 982 de
1534 940 1614 981 hac

208 1025 358 1052 mensa
388 1011 489 1053 solis
520 1011 567 1052 in
599 1011 818 1067 Epistolis.
898 1011 1177 1067 Quapropter
1220 1010 1312 1065 ejus
1353 1008 1616 1051 auctoritate

209 1079 380 1120 suffulti
422 1083 607 1135 possunt
637 1094 826 1122 asserere
862 1080 979 1135 quod
1023 1093 1174 1120 mensa
1204 1078 1317 1130 solis,
1350 1078 1403 1119 de
1435 1091 1522 1132 qua
1553 1077 1614 1118 lo-

209 1147 360 1202 quitur
391 1147 691 1204 Hieronymus
722 1149 770 1189 in
802 1148 987 1203 Prologo
1022 1147 1188 1197 Bibliae,
1223 1150 1288 1188 est
1323 1145 1398 1187 illa
1443 1146 1496 1186 de
1528 1159 1615 1200 qua

210 1215 393 1257 Ethicus
428 1216 670 1271 astrologus
707 1219 752 1258 et
784 1216 875 1272 ipse
908 1215 1209 1270 Hieronymus
1241 1215 1289 1255 in
1326 1213 1614 1255 translatione

209 1283 310 1324 libri
355 1283 473 1325 illius
524 1284 770 1340 philosophi
821 1284 989 1326 faciunt
1040 1283 1318 1325 mentionem.
1394 1281 1481 1323 Sed
1527 1295 1616 1322 non

210 1351 356 1406 potuit
387 1351 478 1393 haec
509 1367 612 1403 esse,
642 1353 744 1407 quia
775 1352 851 1393 illa
882 1366 1032 1393 mensa
1062 1366 1194 1392 aurea
1224 1351 1312 1391 fuit
1343 1350 1391 1390 in
1421 1353 1615 1404 tempore

212 1419 389 1474 Septem
422 1419 692 1475 Sapientum,
724 1424 777 1462 ut
808 1421 988 1476 planum
1026 1423 1105 1461 est.
1170 1419 1256 1460 Sed
1287 1418 1444 1474 Apollo
1475 1417 1615 1473 philo-

210 1487 381 1543 sophus,
405 1488 458 1529 de
490 1502 575 1545 quo
606 1488 904 1543 Hieronymus
934 1488 1131 1542 loquitur
1160 1487 1208 1527 in
1243 1486 1423 1541 Prologo
1454 1499 1616 1526 memo-

212 1559 320 1607 rato,
353 1570 443 1597 non
474 1555 562 1597 fuit
594 1557 680 1597 illis
711 1556 994 1611 temporibus,
1033 1555 1137 1610 quia
1167 1554 1233 1594 illi
1278 1554 1357 1594 soli
1390 1552 1617 1608 Sapientes

212 1623 389 1678 Septem
421 1623 601 1665 fuerunt
644 1627 751 1665 tunc
794 1624 1030 1666 secundum
1062 1622 1363 1678 Augustinum
1405 1621 1516 1662 libro
1550 1621 1617 1662 De

212 1691 406 1733 Civitate
429 1691 543 1742 Dei,l
563 1696 614 1734 ut
636 1695 760 1748 patet
791 1692 979 1733 secunda
1010 1695 1133 1747 parte
1166 1690 1307 1746 operis
1339 1690 1455 1745 quod
1475 1693 1617 1731 trans-

211 1760 355 1810 mitto,
389 1760 465 1801 ubi
495 1763 599 1801 texo
636 1764 835 1816 tempora
866 1760 1136 1816 singulorum
1168 1759 1416 1814 sapientum
1448 1759 1495 1799 in
1526 1758 1619 1814 phi-

210 1827 407 1884 Iosophia
438 1844 464 1869 a
494 1828 705 1884 principio
737 1828 901 1870 mundi.
965 1828 1012 1869 Si
1039 1828 1171 1869 etiam
1192 1827 1264 1868 ille
1286 1826 1443 1882 Apollo
1465 1826 1617 1867 fuisset

210 1899 405 1951 tempore
447 1896 625 1951 Septem
669 1896 940 1951 Sapientum,
972 1895 1126 1936 fuisset
1155 1909 1233 1950 pro
1265 1898 1381 1935 certo
1424 1897 1615 1935 octavus.

212 1963 330 2005 Nam
362 1964 489 2019 longe
520 1964 606 2004 fuit
636 1964 875 2018 sapientior
906 1963 1108 2004 omnibus
1139 1963 1234 2011 illis,
1258 1966 1310 2003 ut
1338 1961 1460 2002 facile
1489 1964 1614 2017 patet

210 2047 286 2087 per
321 2031 431 2071 illud
466 2045 605 2072 canon
642 2036 686 2072 et
723 2045 777 2072 ex
814 2031 998 2086 epistola
1035 2030 1308 2085 Hieronymi.
1372 2029 1491 2070 Nam
1523 2028 1614 2070 Au-*J

212 2099 415 2156 gustinus
447 2099 571 2140 docet
602 2099 771 2154 pondus
803 2099 975 2139 illorum
1003 2098 1180 2154 Septem
1203 2098 1472 2153 Sapientum,
1497 2097 1610 2152 quod

210 2182 299 2208 non
331 2170 443 2208 esset
474 2181 683 2222 magnum
714 2170 910 2222 respectu
946 2167 1221 2221 sequentium
1259 2166 1614 2222 philosophorum

212 2251 289 2278 nec
319 2235 690 2291 praecedentium,
722 2235 922 2290 quamvis
953 2240 1150 2290 respectu
1180 2235 1296 2276 illius
1328 2234 1536 2290 temporis
1567 2234 1614 2274 in

212 2319 296 2360 quo
329 2303 543 2359 sapientia
573 2303 660 2344 fuit
692 2304 834 2359 sopita
865 2303 1124 2345 dicebantur
1154 2303 1381 2358 sapientes.

272 2372 422 2414 Potest
454 2372 587 2413 etiam
624 2372 772 2413 inferri
821 2372 1071 2427 exemplum
1103 2371 1156 2413 de
1188 2371 1309 2412 Ezec.
1342 2371 1465 2412 xxiii.
1502 2370 1816 2426 [41]1gn0ranee

212 2441 264 2482 de
301 2440 479 2482 muliere
523 2455 620 2495 quae
662 2440 775 2482 sedit
805 2440 853 2481 in
888 2441 1000 2481 lecto
1035 2444 1079 2482 et
1119 2454 1268 2481 mensa
1301 2443 1366 2481 est
1400 2440 1611 2481 ordinata.
1631 2418 1804 2503 3035?ae-

213 2509 340 2550 Istud
386 2509 622 2564 exponitur
668 2509 722 2550 de
763 2508 1059 2560 fornicatione,
1093 2512 1145 2550 ut
1175 2508 1389 2564 glossator
1420 2508 1536 2558 dicit,
1570 2512 1615 2549 et

213 2577 390 2619 adducit
421 2592 596 2619 versum
629 2577 780 2619 Ovidii
812 2577 1019 2618 dicentis:

333 2673 431 2714 “Et
462 2673 565 2728 quia
594 2673 714 2714 nuda
743 2673 817 2723 fui,
850 2688 945 2715 sum
977 2686 1126 2714 mensa
1156 2672 1349 2727 paratior
1379 2670 1482 2711 illi.''

649 2857 654 2875 ¹
674 2857 729 2889 Dc
746 2857 884 2889 Ciuitate
901 2855 985 2898 Dei]
1014 2856 1107 2889 xviii,
1125 2859 1176 2888 25.
