1964 3259
765 278 880 309 opus
912 277 1066 308 timus
1395 253 1400 256 ⁴
1531 265 1613 305 381

217 396 339 447 patet
367 395 412 435 111
444 395 702 450 purgatione
735 393 829 434 auri
867 395 911 433 et
942 391 1125 447 argenti.
1190 390 1249 430 Et
1282 389 1333 430 de
1365 388 1544 444 plumbo
1571 389 1624 428 fit

219 475 366 503 cerusa
389 477 465 518 per
487 461 849 503 sustentationem
872 459 1133 500 laminarum
1166 472 1293 513 super
1313 456 1424 497 forte
1442 460 1622 498 acetum.

281 530 402 571 Medi
454 531 545 585 ejus
597 531 700 570 sunt
738 529 834 578 duo,
870 527 1017 568 album
1051 529 1094 567 et
1131 526 1337 581 nigrum,
1369 524 1516 565 album
1559 526 1622 564 est
1641 523 1747 555 Black
1762 523 1834 573 lead

220 596 395 649 bonurn,
447 599 621 653 nigrum
674 600 739 637 est
791 595 965 636 malum.
1029 593 1091 634 Et
1142 596 1207 634 est
1260 592 1430 633 duobus
1472 568 1830 641 modist-andwhne.

221 666 456 706 secundum
489 665 770 714 Avicennam,
795 662 980 704 secundo
1013 662 1079 702 De
1114 660 1280 701 Anima
1312 692 1320 701 .
1357 693 1364 702 .
1391 659 1624 715 Metaphy-

222 733 331 783 sicre,
377 738 420 775 et
452 737 688 787 utrumque
726 732 910 772 istorum
954 732 1019 770 est
1061 728 1268 784 frigidum
1310 731 1355 769 et
1396 727 1626 768 humidum

225 801 270 841 in
313 801 499 843 secundo
532 800 681 856 gradu.
746 799 805 840 Et
837 798 1080 854 specialiter
1111 796 1229 837 istud
1272 810 1408 851 genus
1460 794 1627 850 plumbi

224 870 374 910 crescit
406 884 503 910 cum
536 868 777 909 dimittitur
821 867 867 907 in
910 865 1224 906 humorositate
1256 866 1395 912 terrae,
1428 866 1480 903 ut
1522 862 1629 903 dicit

225 937 460 985 Avicenna,
505 939 548 977 et
590 936 770 976 inflatur
802 935 847 975 in
880 949 938 975 ea.
1004 933 1063 974 Et
1109 932 1309 988 probatio
1357 931 1534 987 plumbi,
1579 933 1630 971 ut

226 1005 333 1045 dicit
366 1005 603 1053 Avicenna,
628 1004 782 1058 quinto
814 1002 925 1043 libro
960 1001 1027 1042 De
1060 1000 1233 1052 Anima,
1258 1003 1323 1041 est
1346 1000 1461 1054 quod
1494 1013 1628 1054 quan-

225 1076 321 1114 tum
353 1073 596 1128 percutitur
626 1086 715 1112 non
747 1074 881 1112 sonat.
937 1069 1023 1111 Sed
1055 1070 1100 1110 in
1123 1069 1276 1124 quinto
1310 1068 1492 1123 exponit
1523 1066 1625 1108 hoc¹

227 1141 440 1192 verbum,
474 1140 636 1182 scilicet
658 1139 773 1194 quod
805 1154 893 1180 non
924 1140 1052 1179 sonat
1084 1151 1187 1177 sono
1218 1150 1365 1192 grosso
1397 1135 1471 1176 sed
1493 1138 1630 1175 acuto.

229 1209 288 1249 Et
319 1212 385 1255 est
427 1209 515 1250 albi
556 1208 718 1256 coloris,
768 1211 812 1248 et
852 1206 1096 1262 pulchrum,
1131 1208 1176 1246 et
1220 1204 1370 1245 statim
1417 1203 1628 1243 funditur.

229 1277 287 1317 Et
339 1277 446 1317 illud
499 1280 564 1317 est
614 1276 777 1316 bonum
828 1275 875 1314 in
927 1274 1129 1329 operibus
1180 1272 1418 1326 alcliymiae.
1484 1270 1543 1311 Et
1586 1270 1631 1310 in

229 1345 384 1398 quinto
447 1344 554 1385 dicit
614 1343 729 1398 quod
781 1342 978 1398 probatio
1030 1340 1197 1396 plumbi
1241 1343 1306 1380 est
1348 1340 1383 1380 si
1435 1353 1522 1379 non
1575 1338 1632 1378 sit

231 1412 425 1453 fellosum
487 1426 564 1452 nec
624 1411 810 1466 nigrum.
891 1410 949 1450 Et
1001 1408 1175 1463 quando
1238 1407 1397 1448 scindis
1450 1408 1631 1462 apparet

231 1479 390 1521 album.
465 1479 524 1519 Et
576 1479 633 1519 sit
686 1479 794 1519 bene
846 1477 1147 1532 ponderosum.
1229 1475 1287 1517 Et
1339 1474 1513 1530 quando
1565 1473 1633 1514 vis

232 1548 401 1602 signare
433 1561 530 1588 cum
562 1546 725 1601 ungula
757 1549 937 1600 apparet
968 1545 1029 1584 ibi
1062 1544 1244 1599 signum.

293 1615 509 1656 Stannum
557 1618 623 1655 est
665 1613 851 1654 calidum
884 1616 928 1653 et
960 1612 1189 1652 humidum
1236 1611 1283 1651 in
1328 1611 1630 1666 complexione,
1651 1615 1728 1647 Tin.

232 1686 282 1724 ut
335 1683 441 1723 dicit
492 1682 602 1722 libro
649 1681 702 1722 de
746 1680 1026 1721 Aluminibus
1070 1682 1114 1720 et
1158 1679 1344 1730 Salibus,
1385 1685 1427 1720 et
1474 1681 1539 1720 est
1583 1678 1636 1719 de

234 1750 529 1806 complexione
552 1749 686 1790 Jovis.
750 1748 809 1789 Et
841 1748 1067 1789 Avicenna
1099 1747 1205 1788 dicit
1238 1746 1315 1788 hoc
1347 1747 1474 1796 idem,
1498 1746 1637 1801 primo

233 1819 345 1859 libro
393 1818 459 1859 De
492 1817 664 1865 Anima,
698 1817 774 1857 ubi
819 1816 918 1856 vult
954 1815 1070 1870 quod
1116 1818 1323 1855 stannum
1368 1817 1433 1855 est
1475 1813 1637 1854 sactum

238 1886 289 1926 de
321 1886 424 1926 vivo
457 1889 650 1940 argento,
684 1884 862 1939 pulchro
895 1883 1024 1923 nimis
1056 1886 1100 1923 et
1133 1882 1258 1929 claro,
1293 1885 1338 1922 et
1370 1882 1422 1922 de
1455 1881 1638 1936 pessimo

239 1953 443 2008 sulphure
491 1956 535 1993 et
577 1952 718 1993 crudo.
784 1951 870 1992 Sed
919 1954 983 1991 est
1030 1950 1225 1991 minimae
1258 1950 1495 1990 caliditatis
1538 1949 1640 2003 quia

239 2021 331 2074 ejus
362 2020 615 2061 commixtio
647 2022 713 2060 est
746 2018 977 2073 corruptio,
1010 2017 1113 2072 quia
1144 2017 1326 2072 sulphur
1356 2017 1495 2058 vincit
1528 2031 1639 2067 eum,

239 2092 291 2129 ut
342 2088 449 2128 (licit
500 2088 546 2127 111
592 2087 703 2127 libro
748 2086 813 2127 De
856 2085 1149 2126 Aluminibus.
1213 2085 1271 2126 Et
1323 2085 1477 2140 quinto
1528 2085 1640 2125 libro

242 2157 412 2204 dicitur,
447 2155 563 2210 quod
601 2157 806 2195 stannum
841 2158 905 2195 est
936 2154 1070 2208 juxta
1107 2157 1310 2194 naturam
1341 2153 1522 2208 argenti,
1557 2153 1640 2192 nisi

243 2224 359 2280 quod
396 2226 624 2279 argentum
659 2237 785 2263 suum
827 2222 981 2262 vivum
1027 2235 1115 2262 non
1161 2224 1227 2262 est
1267 2224 1359 2261 tam
1402 2221 1510 2262 bene
1553 2235 1641 2261 coc-

241 2296 364 2343 tum;
421 2291 524 2346 quia
577 2294 695 2332 terra
749 2304 837 2330 non
893 2289 1041 2345 potuit
1095 2289 1239 2344 ipsum
1290 2289 1399 2329 bene
1462 2302 1641 2343 coquere

243 2363 419 2416 propter
455 2359 637 2414 sulphur
673 2358 764 2412 ejus
801 2371 1007 2413 grossum.
1072 2357 1131 2397 Et
1162 2357 1266 2411 quia
1296 2356 1510 2397 fortitudo
1532 2356 1643 2396 a'e’ris

243 2443 331 2469 non
385 2442 428 2469 se
482 2427 700 2482 impressit
753 2425 801 2466 in
858 2440 906 2466 eo
954 2425 1052 2466 ideo
1089 2428 1155 2466 est
1204 2424 1402 2474 stridens,
1445 2428 1497 2465 ut
1539 2424 1645 2465 dicit

247 2497 482 2547 Avicenna,
535 2495 688 2549 quinto
723 2493 846 2536 libro.
911 2493 969 2534 Et
1002 2496 1067 2534 est
1106 2492 1275 2534 festiva}
1328 2493 1555 2533 solutionis
1602 2495 1646 2532 et

247 2564 410 2619 saporis
453 2563 574 2611 acidi,
625 2566 676 2604 ut
722 2562 828 2603 dicit
876 2561 985 2602 libro
1036 2561 1103 2602 De
1145 2561 1418 2617 Corporibus.
1483 2561 1541 2600 Et
1582 2563 1647 2600 est

248 2632 373 2673 malie
426 2631 665 2681 mixtionis,
721 2629 957 2672 secundum
1027 2628 1322 2680 Aristotelem,
1376 2628 1516 2683 primo
1579 2627 1646 2667 De

826 2847 834 2865 ¹
853 2846 927 2887 leuc]
954 2845 1020 2883 hie,
1040 2845 1113 2878 MS.
