1964 3259
183 261 332 321 xxm]
704 276 817 307 01116
849 277 1059 307 TERTIUM.
1520 273 1575 312 83

182 391 227 430 et
263 389 354 444 ejus
403 391 571 432 auctori
620 392 724 434 Deo.
801 391 860 432 Et
909 391 1027 445 quod
1078 391 1362 447 philosophiae
1407 392 1579 434 utilitas

182 456 281 498 sciri
329 473 419 500 non
467 462 620 515 potest,
663 474 743 501 1166
794 459 998 513 intelligi,
1051 459 1136 500 nisi
1182 463 1313 515 prout
1364 460 1411 501 in
1460 475 1579 502 sacro

182 539 263 566 usu
298 527 605 568 consideratur.
688 526 805 567 Nam
842 530 1052 569 creaturae
1094 527 1239 569 verius
1279 527 1434 583 positae
1476 531 1582 570 sunt

181 593 229 634 in
251 594 478 651 Scriptura
511 609 640 651 quam
671 594 916 650 philosophi
948 595 1147 637 infideles
1176 596 1339 637 scirent
1371 597 1580 652 cogitare3

180 662 293 704 61601
342 663 477 719 probo
527 677 604 719 per
653 663 902 718 exemplum
954 664 1006 705 de
1050 663 1179 714 Iride,
1235 664 1355 720 cujus
1407 679 1581 706 causam

180 730 355 772 finalem
384 731 728 787 ignoraverunt3
776 746 873 786 quae
908 735 973 773 est
1008 732 1237 788 dissipatio
1267 746 1392 787 aquae
1436 733 1579 774 humi-

180 798 335 840 ditatis
375 802 420 840 et
462 798 740 850 diluviorum,
794 802 846 841 ut
896 799 1007 841 liber
1059 800 1275 842 Geneseos
1317 800 1453 842 docet.
1517 800 1577 842 Et

179 874 356 921 propter
412 867 493 909 1106
543 868 858 923 ignoraverunt
920 869 1248 922 generationem
1310 869 1414 923 eJ'US,
1478 869 1582 924 quia

178 934 378 989 ignorato
419 936 505 977 fine
546 950 716 977 11666666
753 939 819 978 661,
854 935 1048 992 ignorari
1084 937 1199 988 alia3
1242 936 1347 992 quia
1382 937 1483 978 finis
1516 941 1582 978 est

179 1003 296 1057 quod
332 1004 473 1059 primo
504 1004 789 1061 cognoscitur,
823 1007 868 1046 et
900 1008 1048 1046 movet
1080 1008 1188 1046 111116
1219 1019 1352 1060 agens
1381 1005 1429 1046 in
1461 1006 1581 1046 omni

180 1084 305 1126 011616
347 1076 392 1114 et
433 1073 790 1114 consideratione.
895 1074 1015 1114 Deus
1057 1073 1174 1114 enim
1216 1073 1320 1115 fecit
1362 1076 1582 1115 creaturas

180 1153 278 1180 suas
318 1143 364 1182 et
403 1141 451 1181 in
484 1141 711 1197 Scriptura
753 1155 831 1182 sua
871 1142 1018 1196 posuit
1064 1156 1147 1193 eas,
1191 1144 1237 1183 et
1277 1140 1374 1182 ideo
1417 1142 1582 1197 accepit

179 1222 262 1259 eaS,
296 1209 532 1250 secundum
570 1223 743 1250 omnem
794 1209 1040 1259 veritatem,
1074 1223 1205 1264 quam
1249 1209 1482 1250 veritatem
1515 1209 1581 1251 ni-

179 1276 292 1317 titur
331 1277 604 1332 philosophia
645 1277 891 1318 infidelium
929 1292 1157 1332 exponere.
1234 1277 1321 1319 Sed
1356 1278 1460 1332 quia
1492 1292 1582 1319 non

180 1343 428 1387 habuerunt
469 1360 597 1386 usum
637 1345 763 1386 istius
796 1345 1034 1400 Scripturae
1075 1345 1173 1386 ideo
1214 1359 1303 1387 non
1343 1348 1583 1400 potuerunt

182 1413 357 1453 omnino
394 1413 541 1454 venire
574 1412 630 1453 ad
667 1412 978 1454 certitudinem
1011 1412 1223 1454 veritatis.
1287 1412 1347 1454 Et
1378 1413 1475 1454 ideo
1507 1413 1583 1467 qui

181 1479 279 1521 vult
321 1481 427 1522 66116
467 1480 794 1536 philosophiam,
838 1480 946 1522 sciat
988 1495 1084 1521 eam
1125 1483 1174 1521 in
1214 1494 1297 1521 usu
1329 1480 1581 1535 Scriptuiae,

181 1550 225 1589 61
253 1548 487 1590 secundum
520 1548 637 1603 quod
669 1548 895 1603 Scriptura
925 1548 1123 1603 requirit,
1156 1551 1200 1589 et
1235 1551 1343 1589 tunc
1375 1549 1585 1589 veraciter

180 1618 324 1670 potest
365 1630 462 1657 eam
502 1617 619 1659 66116.
697 1615 757 1657 Ε1
798 1616 857 1657 616
897 1619 1076 1671 paratus
1118 1630 1214 1657 sum
1254 1619 1445 1658 tractare
1487 1630 1583 1658 eam

179 1684 346 1725 meliori
394 1684 522 1726 modo
564 1698 650 1739 quo
691 1698 865 1739 possum
907 1698 984 1740 per
1025 1683 1295 1739 adjutorium
1337 1685 1583 1740 sapientum

179 1766 285 1807 quos
316 1752 562 1802 nominabo,
596 1755 640 1793 et
689 1751 927 1793 secundum
969 1752 1088 1806 quod
1136 1752 1361 1808 explicabo
1401 1752 1584 1794 inferius

179 1835 256 1861 suo
289 1820 393 1862 loco.
455 1820 516 1861 Et
551 1819 631 1861 hoc
665 1823 731 1861 est
767 1820 921 1860 melius
963 1820 1055 1861 sine
1093 1820 1415 1875 comparatione
1453 1835 1584 1875 quam

179 1888 317 1929 facere
359 1888 583 1930 volumina
623 1887 909 1943 philosophiae
967 1887 1206 1929 secundum
1248 1902 1304 1937 se,
1347 1890 1392 1929 61
1433 1891 1585 1944 postea

181 1955 340 1996 iterum
393 1955 576 1996 dilatare
641 1955 958 2010 expositionem
1022 1955 1259 2011 Scripturae
1310 1969 1387 2011 per
1448 1955 1586 2011 philo-

182 2023 388 2078 sophiam.
480 2023 583 2064 Non
633 2025 783 2064 tamen
833 2037 945 2079 nego
997 2023 1105 2078 quin
1157 2023 1334 2078 aliquod
1376 2024 1585 2079 scriptum

182 2090 463 2146 philosophiae
506 2090 557 2131 (16
600 2089 862 2146 quibusdam
903 2091 1205 2133 communibus
1263 2091 1419 2133 debeat
1475 2092 1582 2143 fieri,

184 2174 281 2213 quae
302 2173 393 2201 non
423 2161 605 2214 possunt
636 2159 738 2214 poni
768 2159 815 2199 in
846 2159 1153 2214 explanatione
1186 2159 1434 2215 Scripturae.
1499 2160 1586 2201 Sed

183 2229 332 2268 tamen
387 2226 465 2268 illa
521 2226 684 2268 debent
746 2226 966 2282 anteponi,
1020 2230 1072 2268 01
1129 2229 1277 2268 1010111
1314 2228 1394 2268 fiat
1445 2242 1585 2268 unum

181 2294 399 2337 volumen.
493 2294 553 2336 Et
594 2294 700 2335 satis
742 2295 961 2336 modicum
1009 2295 1092 2336 erit
1133 2299 1333 2351 respectu
1372 2294 1585 2337 librorum

182 2363 464 2419 philosophiae
506 2366 551 2404 et
590 2362 819 2418 theologiae
836 2379 846 2414 3
897 2363 1031 2404 immo
1063 2363 1176 2404 nihil
1206 2366 1403 2419 respectu
1437 2378 1586 2404 eorum

184 2431 348 2473 habens
381 2430 653 2486 quantitatis.
732 2431 792 2472 Et
826 2431 887 2472 sic
920 2431 1060 2472 omnis
1095 2431 1375 2488 superfluitas
1410 2431 1587 2472 infinita

183 2513 280 2555 quae
321 2514 437 2541 nunc
479 2502 544 2540 est
584 2499 860 2549 resecabitur,
903 2503 947 2541 et
999 2500 1140 2541 omnis
1182 2500 1349 2541 falsitas
1390 2499 1585 2549 tolletur,

184 2571 228 2608 et
282 2568 421 2609 omnis
472 2568 648 2609 vanitas
699 2567 984 2620 excludetur,
1047 2572 1092 2609 61
1143 2568 1290 2609 omnia
1349 2567 1586 2609 necessaria

184 2635 409 2690 sapientiae
460 2635 624 2677 divinae
676 2639 722 2677 et
764 2635 980 2685 huma-nze,
1025 2650 1209 2691 quorum
1245 2635 1422 2675 infinita
1463 2634 1587 2689 quasi

182 2716 298 2744 nunc
334 2703 503 2755 desunt,
536 2703 763 2755 addentur,
798 2706 843 2744 et
874 2703 1097 2758 redigetur
1131 2701 1327 2744 studium
1359 2701 1584 2757 sapientiae

182 2770 239 2811 ad
279 2774 444 2813 statum
481 2771 694 2822 debitum,
741 2771 979 2813 secundum
1020 2770 1149 2813 istius
1202 2770 1410 2827 temporis
1452 2769 1585 2826 possi-

186 2837 417 2880 bilitatem.

1325 2907 1409 2946 122
