1964 3259
199 244 326 301 Lxx]
710 256 826 288 opus
868 258 1084 290 TERTIUM.
1508 253 1591 292 285

196 376 261 414 est
293 372 495 428 possibile
542 377 592 415 ut
623 374 741 415 aliud
784 377 955 429 tempus
988 375 1065 416 hoc
1098 375 1212 416 idem
1245 375 1389 426 faciat,
1423 377 1507 418 nisi
1539 378 1595 420 sit

197 441 236 483 01
282 442 444 496 aequale
478 442 548 484 vel
591 442 832 498 multiplex.
897 442 983 484 Sed
1027 443 1173 484 decem
1212 446 1256 485 et
1288 458 1447 486 novem
1490 446 1595 486 anni

195 508 441 552 kalendarii
471 510 610 552 nostri
641 525 729 551 non
751 514 986 564 aequantur
1016 511 1204 567 triginta
1235 512 1361 554 annis
1388 512 1594 564 Arabum,

197 592 275 620 nec
319 582 422 619 sunt
469 579 529 620 eis
573 578 864 634 niultiplices3
897 579 1001 634 quia
1043 580 1233 635 triginta
1265 580 1463 624 Arabum
1496 596 1595 624 con-

193 647 338 688 tinent
370 646 531 702 viginti
562 661 720 688 novem
753 661 889 688 annos
931 647 1101 697 solares,
1138 652 1182 689 et
1213 663 1352 691 unum
1384 663 1590 701 mensem,

196 718 239 757 et
291 718 387 758 octo
440 715 540 757 dies.
644 715 760 771 Ergo
812 715 1080 771 relinquitur
1140 717 1257 772 quod
1308 718 1595 761 novendecim

194 784 298 825 anni
350 784 507 825 solares
557 797 646 825 non
696 787 879 839 possunt
926 785 1090 840 aequari
1137 800 1239 828 vero
1277 786 1397 842 cyclo
1438 787 1597 842 prima-

194 852 378 902 tionum,
423 866 502 893 nec
547 866 623 908 per
674 866 937 907 consequens
988 853 1277 895 novendecim
1328 854 1433 896 anni
1486 855 1596 911 cycli

194 920 563 971 decennovenalis,
607 923 651 962 et
682 920 780 962 ideo
812 921 957 976 cyclus
1006 922 1367 966 decennovenalis
1410 938 1497 966 non
1529 928 1595 966 est

192 1003 320 1030 verus
352 989 498 1044 cyclus
529 989 851 1045 primationum.

252 1057 469 1099 Praeterea
520 1058 640 1099 istud
682 1061 828 1113 potest
880 1058 1019 1113 magis
1072 1059 1117 1100 111
1159 1060 1412 1115 particulari
1455 1061 1593 1103 mani-

192 1125 354 1177 festari,
400 1129 451 1167 ut
503 1130 744 1182 appareant
788 1126 1144 1169 inconvenientia
1195 1127 1315 1183 prius
1356 1130 1591 1173 nominata.

193 1194 309 1235 Nam
343 1194 503 1249 singuli
524 1194 810 1236 novendecim
843 1195 947 1236 anni
980 1195 1138 1237 solares
1160 1210 1243 1237 non
1281 1201 1382 1239 sunt
1407 1199 1593 1253 {equales

192 1262 247 1303 ad
294 1263 511 1313 invicem3
560 1278 609 1305 00
642 1263 758 1318 (1110(1
791 1263 837 1304 in
868 1264 1007 1319 primo
1051 1267 1155 1305 sunt
1197 1268 1373 1307 tantum
1407 1270 1594 1321 quatuor

192 1330 416 1372 bisextiles
448 1331 564 1383 anni,
599 1335 643 1374 et
674 1332 721 1372 in
753 1331 849 1373 aliis
881 1330 1054 1374 tribus¹
1090 1336 1194 1374 sunt
1227 1334 1442 1389 quinque:
1491 1337 1593 1390 quia

192 1403 375 1453 quartus
407 1414 546 1441 annus
583 1400 629 1440 in
660 1400 800 1455 primo
832 1399 950 1455 cyclo
982 1401 1201 1442 bisextilis
1234 1405 1311 1454 est,
1335 1405 1379 1444 et
1401 1406 1592 1455 octavus,

191 1471 234 1508 et
281 1467 570 1518 duodecimus,
604 1471 648 1509 et
695 1470 845 1509 sextus
890 1468 1093 1518 decimus,
1150 1484 1198 1510 eo
1252 1471 1368 1525 quod
1415 1476 1594 1526 quartus

190 1549 330 1576 annus
361 1535 420 1577 sit
452 1550 619 1591 semper
649 1535 878 1577 bisextilis.
961 1535 1020 1577 Et
1052 1536 1150 1578 ideo
1183 1537 1228 1578 in
1256 1539 1442 1580 secundo
1475 1541 1595 1595 cyclo

189 1604 354 1659 primus
398 1607 464 1645 est
505 1603 735 1654 bisextilis,
768 1607 813 1645 et
845 1603 904 1645 sic
946 1604 1141 1654 ulterius,
1176 1605 1240 1646 ita
1283 1607 1399 1661 quod
1442 1607 1488 1648 in
1521 1608 1594 1649 illo

189 1675 291 1714 sunt
338 1672 542 1727 quinque,
576 1675 626 1714 ut
672 1675 794 1727 patet
842 1672 1145 1715 consideranti.
1210 1673 1270 1715 Et
1303 1675 1506 1717 similiter
1546 1677 1592 1718 iu

188 1739 357 1782 duobus
399 1739 558 1791 111113ς2
590 1743 634 1783 01
665 1743 771 1782 111110
803 1739 964 1782 iterum
1006 1741 1121 1783 redit
1159 1742 1315 1797 cyclus,
1350 1744 1425 1798 qui
1457 1744 1590 1786 habet

188 1811 377 1864 quatuor
417 1808 654 1858 bisextiles,
699 1812 745 1850 et
790 1808 1120 1864 subsequuntur
1171 1813 1260 1852 tres
1307 1811 1384 1866 qui
1425 1811 1590 1855 habent

187 1877 393 1932 quinque,
427 1880 471 1918 et
502 1876 562 1918 sic
593 1890 763 1932 semper
794 1876 931 1918 currit
963 1877 1067 1919 ordo
1100 1877 1330 1933 cyclorum.

248 1944 421 1986 Primus
452 1947 600 1986 autem
632 1944 780 2000 cyclus
811 1958 1027 1986 annorum
1060 1945 1269 1987 solarium
1302 1949 1589 1991 novendecim

187 2012 318 2054 habet
352 2012 527 2068 praecise
569 2026 647 2053 sex
678 2011 819 2054 millia
849 2012 1145 2069 noningentos
1193 2015 1378 2070 triginta
1429 2030 1587 2058 novem

186 2082 286 2131 dies,
320 2083 365 2122 01
395 2080 442 2121 111
483 2080 569 2122 11113
600 2080 880 2136 assignantur
924 2081 1122 2124 ducentae
1165 2081 1352 2138 triginta
1396 2084 1588 2140 quinque

185 2149 441 2191 lunationes.
506 2148 593 2190 Sed
637 2149 673 2190 si
717 2148 1150 2204 multiplicaverimus
1198 2153 1370 2207 tempus
1407 2154 1587 2208 {equalis

184 2217 436 2267 lunationis‚
469 2216 549 2259 hoc
581 2220 643 2260 est
676 2217 840 2273 viginti
872 2217 1061 2259 novem³
1096 2219 1197 2269 dies,
1231 2220 1418 2276 triginta
1449 2236 1584 2263 unum

185 2286 366 2337 minuta,
401 2289 444 2327 et
476 2285 798 2341 quinquaginta
846 2286 1043 2336 secunda,
1078 2287 1124 2327 in
1169 2287 1356 2330 ducenta
1399 2289 1587 2345 triginta

184 2354 387 2410 quinque,
417 2353 693 2396 resultabunt
715 2368 792 2395 3οΧ
806 2354 946 2395 millia
981 2354 1245 2411 noningenti
1284 2357 1469 2412 triginta
1512 2373 1586 2399 no-

184 2437 283 2464 vem
317 2423 420 2474 dies,
460 2425 504 2464 01
537 2422 829 2478 quadraginta
871 2423 1045 2464 minuta
1078 2427 1122 2466 et
1156 2424 1478 2480 quinquaginta
1522 2441 1584 2467 se-

182 2490 324 2532 cunda
342 2507 350 2542 ;
384 2505 480 2546 quae
502 2494 604 2532 sunt
626 2490 722 2546 plus
745 2505 875 2545 quam
900 2491 996 2533 duae
1018 2492 1162 2534 tertiae
1184 2492 1313 2534 unius
1336 2494 1432 2535 diei.
1469 2494 1585 2546 Qua-

182 2562 359 2614 propter
390 2558 614 2614 completis
636 2559 917 2600 novendecim
941 2560 1079 2609 annis,
1112 2560 1376 2602 habentibus
1408 2565 1581 2603 tantum

183 2631 371 2681 quatuor
402 2627 493 2668 dies
524 2627 759 2677 bisexffles,
783 2628 977 2669 nondum
1004 2628 1228 2683 completae
1259 2633 1363 2670 sunt
1385 2630 1583 2671 ducentae

182 2694 367 2749 triginta
392 2695 583 2749 quinque
614 2695 874 2745 lunationes,
909 2696 984 2737 sed
1016 2696 1173 2737 desunt
1205 2696 1265 2737 eis
1288 2697 1582 2752 quadraginta

228 2844 372 2886 ¹trihus]
400 2855 463 2876 om.
479 2844 517 2876 B,
961 2845 1101 2886 ³v1’yinti
1127 2846 1251 2888 novem]
1285 2846 1423 2887 triginta
1448 2857 1578 2885 novem,

232 2895 373 2928 2ιῖιιοῖιως
389 2896 480 2938 aliis]
507 2896 580 2928 aliis
596 2896 734 2935 duobus,
750 2896 790 2929 B.
919 2907 984 2929 cor.
1010 2897 1049 2929 B.
1068 2897 1135 2938 (ἲ).
