1964 3259
181 260 282 316 vir]
629 268 935 299 ‹JoMPENDIUM
969 268 1135 298 srunn.
1499 258 1584 299 459

241 386 350 429 Haec
381 390 528 428 autem
555 385 703 428 Graece
735 385 938 426 scribitur
965 382 1160 437 κυνάμυια,
1193 384 1268 426 sed
1301 384 1430 426 debeb
1462 385 1591 427 scribi

182 471 259 512 per
299 470 330 511 y
372 454 582 504 Graecum,
616 454 709 495 sine
740 467 816 509 per
845 453 1032 509 ypsilon.
1095 453 1154 494 Et
1186 452 1346 494 dicitur
1387 467 1412 493 a
1448 467 1592 508 cynes,

184 524 302 579 quod
352 527 417 565 est
460 523 578 564 canis
624 525 670 564 et
715 520 827 571 mia,
861 536 1018 571 musca,
1053 535 1150 576 quae
1183 521 1291 562 solet
1323 521 1513 562 multum
1546 521 1592 562 in

183 596 335 635 {estate
367 591 573 633 infestare
605 604 741 640 canes,
777 593 820 631 et
853 603 1000 631 eorum
1033 589 1212 630 auribus
1234 589 1462 631 adhaerere.
1509 589 1593 630 Per

183 660 423 716 superiores
454 659 592 714 igitur
622 658 813 699 rationes
835 661 958 713 patet
990 658 1106 712 quod
1137 657 1266 713 plaga
1287 657 1472 713 AEgypti
1503 672 1592 698 non

183 728 313 770 debet
372 741 461 769 esse
508 726 560 767 (16
608 726 764 767 canina
811 725 1067 781 specialiter,
1115 725 1189 766 sed
1234 725 1287 766 de
1334 724 1592 766 omnimoda.

184 797 243 837 Et
273 796 385 836 male
417 795 638 836 aestimant
670 808 760 835 esse
792 794 966 849 plagam
999 793 1184 848 AEgypti
1217 796 1261 834 et
1292 793 1338 833 in
1369 793 1590 835 Psalterio.

184 864 243 905 Et
283 863 381 904 ideo
422 877 510 903 una
551 863 693 918 glossa
734 860 999 917 magistralis
1042 861 1179 902 Exod.
1212 861 1315 912 viij„
1349 875 1446 916 quae
1489 861 1594 902 dicit

183 931 299 987 quod
332 930 537 972 cinomia,
570 933 635 971 est
677 929 741 970 ibi
782 944 929 970 musca
972 928 1139 979 canina,
1183 928 1341 970 falsum
1373 933 1449 978 est,
1484 929 1594 970 sicut

181 999 367 1041 infinitae
400 999 496 1040 aliae
529 1013 657 1053 super
699 998 900 1047 Bibliam‚
935 1011 1033 1052 quaa
1075 1011 1165 1038 non
1197 1000 1300 1038 sunt
1333 1001 1592 1048 sanctorum,

181 1067 256 1109 sed
289 1067 515 1109 doctorum
547 1065 905 1107 insufficientium
937 1065 984 1105 in
1015 1065 1095 1106 hac
1123 1069 1257 1121 parte.
1312 1065 1424 1106 Cum
1457 1065 1594 1121 igitur

182 1136 306 1177 Brito
337 1139 459 1177 tenet
500 1149 639 1176 unuin
673 1148 846 1175 sensum
879 1136 1065 1183 tantum,
1101 1137 1144 1175 et
1181 1133 1338 1189 Papias
1370 1133 1518 1184 alium,
1549 1137 1594 1175 eb

182 1204 257 1245 alii
300 1203 510 1253 similiter,
544 1217 632 1243 non
677 1202 995 1258 distinguentes
1043 1201 1095 1243 de
1140 1200 1366 1256 Scriptura
1408 1201 1593 1242 istorum

183 1272 364 1323 diversa,
406 1286 484 1312 nec
530 1273 800 1326 exponentes
843 1270 949 1324 quid
990 1269 1083 1310 veri
1124 1269 1196 1311 Vel
1238 1269 1344 1324 quid
1390 1269 1488 1310 falsi
1535 1269 1593 1311 sit

181 1341 263 1390 hic,
296 1339 578 1381 manifestum
611 1341 676 1380 est
707 1353 777 1380 eos
810 1352 899 1379 esse
932 1338 1106 1393 penitus
1137 1337 1326 1379 vitiosos.
1382 1337 1593 1379 Similiter

182 1409 229 1449 in
253 1407 475 1463 praedictis
507 1407 559 1449 de
592 1421 731 1449 6611οη
756 1405 1057 1461 multipliciter
1087 1409 1260 1461 sumpto
1293 1409 1337 1447 et
1368 1406 1422 1447 (16
1454 1405 1591 1446 omni-

181 1475 263 1517 bus
298 1475 513 1516 derivabis.

243 1543 368 1585 Circa
398 1543 475 1583 has
520 1542 732 1583 dictiones
777 1554 1003 1583 nummus
1044 1544 1088 1582 et
1123 1540 1363 1591 nomisma,
1398 1541 1590 1598 disputa·
1611 1548 1780 1581 Otherin-

181 1611 324 1652 tiones
368 1609 563 1651 Britonis
610 1613 655 1650 et
698 1608 883 1650 aliorum
928 1609 1068 1650 multa
1099 1608 1257 1650 frivola
1289 1609 1518 1651 continent
1550 1614 1594 1652 et
1612 1599 1743 1670 {ltffilcgls
1759 1596 1799 1627 of

184 1679 412 1729 falsitates,
455 1681 500 1719 et
531 1677 643 1718 nihil
675 1678 924 1718 certificant.
988 1677 1168 1719 Certum
1199 1677 1336 1731 igitur
1367 1681 1432 1719 est
1478 1680 1594 1733 quod
1610 1683 1779 1716 mistakes.

185 1761 390 1788 nummus
429 1746 546 1802 apud
591 1759 739 1787 omnes
772 1749 967 1787 auctores
998 1745 1203 1787 scribitur
1233 1760 1310 1801 per
1341 1746 1426 1787 duo
1457 1761 1517 1798 sm,
1550 1750 1594 1788 et

183 1819 248 1856 est
291 1815 511 1856 Latinum.
576 1813 663 1855 Sed
694 1812 925 1855 nomisma
973 1813 1172 1854 Graecum
1204 1818 1280 1865 est,
1314 1816 1358 1854 et
1388 1814 1594 1855 scribitur

183 1898 260 1938 per
306 1896 330 1923 0
370 1881 563 1922 vocalem
605 1881 653 1921 in
689 1881 830 1936 prima
873 1880 1052 1936 syllaba,
1106 1884 1150 1922 et
1201 1895 1249 1922 ‘m
1299 1881 1347 1922 in
1393 1882 1589 1923 secunda.

183 1950 315 1992 Unde
353 1964 432 1990 nec
473 1949 606 1989 habet
650 1962 684 1989 u
728 1962 806 1989 nec
847 1962 895 1989 ‘m
938 1948 985 1988 in
1016 1949 1156 2003 prima
1198 1949 1375 2004 syllaba.
1440 1949 1499 1991 Et
1545 1950 1592 1991 in

184 2018 335 2060 Graeco
367 2017 571 2058 scribitur
600 2031 676 2072 per
706 2030 753 2057 m
785 2020 829 2057 et
859 2030 882 2057 o
913 2016 960 2056 in
991 2017 1132 2071 prima
1163 2017 1340 2072 syllaba,
1375 2021 1427 2059 ut
1457 2021 1590 2073 patet,

183 2085 387 2128 Matthaei
432 2084 636 2126 vicesimo
683 2084 881 2134 secunde,
927 2084 1004 2124 ubi
1050 2085 1156 2126 dicit
1190 2085 1406 2126 Dominus
1442 2086 1589 2142 [18.]:

185 2159 208 2176 ‘⁴
243 2153 474 2195 Ostendite
507 2152 615 2192 mihi
646 2152 859 2193 nomisma
896 2151 1084 2193 census”
1147 2152 1219 2194 Ibi
1241 2153 1357 2194 enim
1390 2154 1593 2195 scribitur

183 2223 231 2263 in
265 2222 414 2264 Graeco
451 2221 531 2262 hoc
562 2220 822 2262 vocabulum
860 2218 1092 2261 nomisma
1127 2221 1238 2262 sicut
1289 2221 1498 2263 recitatur
1545 2222 1592 2262 in

186 2290 346 2332 Latino
365 2305 377 2339 3
408 2289 523 2330 unde
555 2303 661 2344 pure
685 2287 885 2330 Graecum
918 2291 994 2338 est,
1019 2291 1062 2329 et
1085 2289 1272 2331 omnino.
1322 2289 1595 2345 Quapropter

184 2359 309 2400 Brito
354 2360 482 2407 errat,
539 2360 583 2398 et
634 2356 720 2407 alii,
767 2357 841 2412 qui
888 2356 1046 2397 volunt
1088 2357 1204 2412 quod
1254 2357 1415 2399 habeat
1466 2372 1501 2398 ‘ab
1548 2359 1593 2398 in

184 2427 328 2483 prima
367 2425 548 2481 syllaba,
583 2424 790 2480 quicquid
838 2425 896 2465 sib
943 2425 996 2465 de
1041 2439 1097 2466 m.
1162 2425 1223 2466 Et
1269 2426 1365 2467 ideo
1411 2426 1594 2468 ulterius

185 2498 333 2536 errant
366 2494 441 2549 qui
483 2493 634 2534 dicunt
676 2508 702 2534 a
732 2507 912 2534 nummo
947 2493 1145 2543 derivari,
1187 2494 1353 2549 decepti
1399 2509 1447 2535 eo
1479 2495 1594 2549 quod

188 2563 368 2604 credant
400 2562 517 2616 quod
548 2560 707 2602 habeat
738 2576 773 2602 u
805 2561 852 2601 in
883 2561 1024 2616 prima
1061 2561 1235 2616 syllaba.
1299 2561 1385 2602 Sed
1427 2566 1471 2602 et
1509 2562 1594 2603 alia

188 2630 358 2671 ratione
390 2629 547 2670 falsum
570 2628 723 2669 dicunt
755 2632 799 2670 et
831 2629 1095 2679 absurdum3
1138 2629 1241 2683 quia
1273 2628 1473 2669 Graecum
1506 2644 1592 2670 11011

189 2697 415 2738 derivatur
437 2712 462 2736 a
484 2696 651 2737 Latino.
715 2696 775 2736 Et
806 2696 938 2737 tertia
966 2697 1135 2737 ratione
1167 2711 1243 2751 per
1266 2696 1460 2737 Graecam
1483 2697 1594 2738 deri-

192 2764 416 2805 vationem
449 2766 571 2818 patet
603 2763 718 2818 quod
751 2763 912 2803 dicitur
949 2777 975 2803 a
1008 2762 1142 2815 νομίζω
1181 2763 1342 2814 Graeco,
1375 2765 1489 2819 quod
1529 2769 1594 2806 est

190 2833 328 2874 facere
361 2829 544 2884 νόμισμα.
607 2830 666 2871 Ε13
698 2830 868 2882 νόμισμα
900 2830 1123 2872 breviatur
1154 2832 1202 2872 in
1232 2832 1371 2887 prima
1414 2833 1591 2888 syllaba,
