1964 3259
151 1697 310 1731 Children

148 1742 266 1774 should
281 1743 321 1774 be

148 1787 266 1828 taught
280 1792 315 1818 to

148 1832 227 1863 read
243 1831 299 1863 the

147 1876 256 1914 Bible‚
273 1876 339 1907 and

147 1925 205 1952 not
219 1921 275 1952 the

146 1965 254 1996 follies
271 1964 309 1995 of

149 2009 238 2041 Ovid
254 2009 319 2040 and

147 2054 203 2085 the
210 2054 352 2086 heathen

146 2103 248 2139 poets.

387 265 442 305 541
889 274 1059 306 ROGERI
1091 274 1285 306 BAcoms
1394 266 1398 269 ’
1668 267 1787 324 [CAP.

382 394 480 434 tota
531 392 805 449 philosophia
847 393 1117 449 speculativa
1156 394 1356 449 respectu
1408 392 1534 435 istius
1577 395 1790 450 practicae.

385 461 500 513 Quia
542 461 635 504 haec
665 461 752 503 fuit
783 461 1004 518 theologia
1035 475 1184 503 eorum
1227 464 1271 503 et
1302 475 1379 517 per
1410 461 1523 504 hanc
1553 462 1791 506 credebant

380 529 552 582 salvari,
586 545 677 572 non
707 544 784 586 per
803 530 921 571 alias.
984 529 1033 573 Si
1063 529 1199 586 igitur
1231 530 1402 572 utilitas
1435 530 1621 573 aliarum
1657 532 1792 574 scien-

379 597 538 640 tiarum
573 613 662 640 non
694 598 966 655 cognoscitur
1000 597 1085 640 nisi
1115 598 1277 640 notitia
1311 598 1460 641 istiusl
1494 599 1708 642 habeatur
1743 600 1791 642 in

380 669 594 722 quantum
645 667 702 708 ad
762 681 857 708 eam
919 667 1195 723 applicantur
1255 670 1301 710 et
1364 668 1633 720 ordinentur,
1684 672 1791 712 tunc

378 738 529 777 tamen
570 735 719 777 Latini
759 735 965 792 ignorant
1006 736 1119 778 hanc
1164 736 1402 789 scientiam,
1444 736 1548 792 quia
1589 751 1679 779 non
1725 741 1791 780 est

379 803 427 844 in
467 818 550 845 usu
581 818 743 856 eorum,
784 804 1054 860 ignorabunt
1094 807 1358 861 potestatem
1399 805 1553 847 utilem
1594 805 1790 850 aliarum.

380 871 442 913 Et
482 872 581 914 ideo
621 872 725 914 licet
755 872 849 915 haec
880 872 938 914 sit
968 872 1069 914 finis
1101 873 1298 915 omnium
1329 873 1609 916 scientiarum
1638 877 1789 917 tamen

378 940 465 982 alio
497 940 625 983 modo
669 943 735 983 est
777 940 965 982 initium.
1028 940 1146 983 Nam
1188 941 1288 983 finis
1333 942 1473 998 primo
1517 946 1583 984 est
1625 942 1672 984 in
1722 943 1790 984 in-

377 1009 574 1051 tentione
621 1012 666 1051 et
711 1009 975 1066 cogitatione
1011 1013 1056 1052 et
1096 1013 1245 1052 movet
1284 1009 1471 1052 efficiens
1487 1009 1503 1034 2
1549 1011 1606 1052 ad
1645 1014 1788 1053 totam

378 1077 702 1133 operatione1n3
754 1080 799 1119 et
854 1077 954 1120 ideo
1006 1078 1099 1120 haec
1168 1078 1350 1120 scientia
1411 1078 1589 1121 deberet
1645 1080 1787 1135 primo

377 1145 475 1188 sciri
520 1149 572 1188 ut
619 1146 750 1187 homo
793 1150 1070 1202 cognosceret
1116 1146 1173 1188 ad
1216 1147 1323 1202 quid
1370 1149 1415 1188 et
1460 1149 1638 1203 propter
1680 1148 1789 1203 quid

376 1217 657 1270 operaretur3
710 1217 928 1270 quatenus
979 1214 1071 1257 haec
1124 1213 1306 1257 scientia
1351 1215 1409 1257 sit
1455 1215 1608 1272 regula
1649 1216 1787 1258 totius

376 1282 640 1338 operationis
683 1282 899 1334 humanae,
941 1286 993 1325 ut
1044 1283 1156 1324 nihil
1202 1282 1363 1326 faceret
1413 1282 1498 1325 nisi
1549 1284 1786 1326 secundum

374 1352 486 1393 hanc
529 1350 764 1393 scientiam.
850 1350 909 1392 Et
960 1351 1058 1393 ideo
1103 1365 1129 1392 a
1173 1351 1410 1406 juventute
1462 1351 1640 1394 deberet
1691 1353 1787 1408 qui-

373 1419 482 1461 libet
512 1419 673 1461 instrui
716 1419 873 1462 saltem
904 1419 951 1461 in
982 1420 1217 1462 universali
1262 1419 1309 1461 in
1351 1419 1431 1462 hac
1473 1419 1662 1462 scientia.
1726 1421 1786 1463 Et

373 1490 549 1544 propter
599 1488 681 1531 hoc
732 1488 917 1544 quilibet
958 1503 985 1530 a
1020 1489 1257 1544 juventute
1309 1487 1544 1530 instruitur
1595 1503 1672 1545 per
1718 1503 1786 1531 ec-

373 1556 548 1598 clesiam
594 1556 642 1597 'm
684 1555 740 1597 iis
786 1571 885 1612 quae
928 1556 1030 1598 fidei
1077 1560 1191 1598 sunt.
1254 1556 1314 1598 Et
1361 1556 1615 1599 deberemus
1655 1557 1784 1613 longe

373 1624 472 1681 plus
522 1624 683 1665 instrui
733 1624 780 1665 in
831 1624 1013 1666 scientia
1067 1624 1231 1666 Christi
1283 1639 1309 1665 a
1353 1624 1588 1679 juventute
1651 1639 1782 1680 quam

372 1691 641 1734 instruimur.
704 1692 823 1733 Nam
853 1692 927 1734 lex
948 1692 1035 1733 Dei
1066 1691 1266 1733 deberet3
1286 1691 1374 1749 legi
1405 1692 1559 1748 pueris,
1585 1695 1636 1734 ut
1667 1707 1784 1734 assu-

373 1764 564 1803 escerent
614 1775 782 1817 semper
833 1760 889 1801 ad
919 1759 1153 1802 veritatem
1196 1759 1309 1810 fidei,
1355 1762 1400 1802 et
1445 1760 1636 1803 maxime
1681 1761 1783 1803 libri

371 1829 587 1886 planiores
619 1832 664 1871 et
693 1828 833 1885 magis
861 1829 1048 1870 morales
1079 1828 1307 1883 utriusque
1339 1828 1637 1881 Testamenti3
1670 1829 1783 1872 sicut

373 1898 507 1940 etiam
539 1896 676 1952 aliqui
717 1896 906 1939 audiunt
940 1896 1127 1938 Bibliam
1161 1896 1477 1946 versificatam3
1521 1897 1595 1939 sed
1625 1898 1781 1940 melius

372 1969 483 2008 esset
505 1965 620 2023 quod
652 1964 856 2007 audirent
877 1968 922 2007 et
943 1967 1245 2007 construerent
1277 1964 1553 2021 evangelium
1573 1965 1621 2007 in
1641 1980 1779 2022 prosa,

374 2038 418 2077 et
450 2034 682 2091 Epistolas‚
729 2037 774 2076 et
817 2033 952 2076 libros
998 2033 1256 2085 Salomonis,
1290 2033 1394 2089 quia
1428 2033 1506 2075 illa
1535 2034 1781 2077 versificata

370 2106 546 2145 truncat
578 2101 735 2154 omnia,
770 2105 815 2144 et
845 2102 957 2143 nihil
1000 2101 1127 2144 valet.
1195 2101 1313 2143 Nam
1359 2101 1500 2158 primo
1543 2105 1609 2145 est
1650 2103 1780 2145 homo

370 2171 652 2213 instruendus
684 2171 731 2211 in
762 2170 816 2211 iis
860 2185 957 2226 quse
1004 2170 1228 2226 pertinent
1273 2169 1328 2211 ad
1375 2170 1560 2212 salutem
1607 2171 1778 2224 animae,

372 2243 421 2281 ut
453 2254 621 2295 semper
652 2242 869 2281 assuescat
900 2238 1104 2294 proficere
1125 2238 1172 2279 in
1203 2236 1367 2279 melius.
1421 2237 1482 2278 Et
1502 2242 1678 2293 propter
1699 2240 1780 2282 hoc

372 2307 519 2349 Judaei
563 2322 590 2348 a
625 2307 864 2362 juventute
910 2306 1052 2362 primo
1094 2305 1324 2347 addiscunt
1368 2304 1509 2361 legem
1554 2305 1648 2347 Dei.
1713 2306 1778 2349 Et

372 2373 576 2416 Boetius4
621 2375 669 2415 in
710 2374 823 2415 libro
855 2374 908 2416 de
949 2374 1192 2429 Disciplina
1224 2373 1464 2415 Scolarium
1492 2372 1630 2417 ..docet
1661 2375 1778 2429 quod

370 2442 494 2498 pueri
525 2442 665 2497 primo
697 2441 941 2483 instruendi
973 2445 1076 2483 sunt
1107 2442 1154 2482 in
1186 2441 1309 2482 libris
1343 2440 1545 2492 Senecae3
1582 2444 1627 2483 et
1658 2441 1778 2484 Beda

370 2509 552 2566 exponit
582 2509 697 2565 quod
727 2510 808 2551 hoc
839 2508 945 2551 dicit
977 2509 1080 2564 quia
1110 2509 1251 2564 primo
1283 2512 1386 2550 sunt
1417 2508 1597 2551 docendi
1617 2509 1664 2551 in
1685 2525 1777 2553 mo-

369 2578 500 2629 ribus,
535 2578 638 2634 quia
677 2577 780 2619 libri
823 2576 998 2620 Seneeae
1042 2579 1146 2619 sunt
1191 2567 1388 2618 morales.
1453 2576 1538 2620 Sed
1583 2592 1672 2620 non
1714 2579 1775 2622 sic

411 2824 551 2856 1ηοτὶιῖα
565 2823 676 2866 istius]
702 2823 776 2862 ista,
801 2823 841 2855 Τ.
1151 2822 1162 2839 ³
1177 2819 1316 2862 deberet]
1343 2820 1448 2859 debet,
1470 2820 1508 2854 U.

410 2877 423 2895 ⁸
437 2876 594 2920 efficiens]
621 2877 825 2916 efficientem,
842 2876 886 2909 U.
1153 2875 1162 2892 '¹
1179 2872 1333 2917 Boetius]
1360 2883 1430 2916 cap.
1446 2873 1466 2906 1.
