1964 3259
198 261 299 316 vir]
633 273 940 304 conrnxnmn
973 271 1143 302 srunn.
1514 259 1593 299 461

199 389 446 430 derivatum
490 389 545 431 ab
587 389 748 431 ‘idiotes
789 389 938 431 Graeco
975 387 1195 435 vocabulo,
1229 389 1273 427 et
1314 400 1401 426 non
1446 387 1512 425 est
1544 385 1602 426 sic

199 457 337 498 modis
369 457 486 498 falsis
518 457 815 513 compositum,
846 459 896 497 ut
928 454 1158 510 prophetia
1190 456 1231 494 et
1265 453 1522 508 prophetes3
1560 456 1604 493 ct

199 524 258 565 sic
301 525 352 566 de
395 525 555 566 multis.
618 525 677 566 Et
713 539 800 565 non
839 523 978 564 solum
1013 522 1121 563 falsa
1157 524 1260 562 sunt
1297 519 1371 561 sed
1402 519 1602 570 absurda,

199 595 243 633 et
275 593 462 634 maxime
504 592 637 634 tertia
680 591 942 646 compositio,
977 604 1063 644 qua
1100 588 1249 631 idiota
1291 587 1451 629 dicitur
1483 587 1603 642 igno-

199 674 294 701 rare
345 675 506 702 morem
538 660 721 716 propriae
763 659 917 715 gentis,
961 673 1059 699 cum
1091 657 1188 698 ideo
1225 656 1395 698 dicatur
1436 655 1507 706 sic,
1541 669 1603 696 se-

201 728 391 769 cundum
439 728 602 769 Bedam
641 731 685 769 et
723 726 960 768 secundum
1001 725 1185 775 Graecos,
1219 724 1322 779 quia
1352 723 1489 764 nescit
1520 722 1604 763 nisi

200 795 397 851 linguam
439 799 482 837 et
525 810 665 836 mores
706 794 892 850 propriae
935 793 1087 850 gentis.
1152 792 1212 833 Et
1242 795 1454 847 praeterea
1485 789 1606 832 idios

202 877 289 904 non
341 866 406 904 est
457 863 690 919 proprium,
726 862 801 904 sed
831 861 976 903 idion.
1041 861 1099 902 Et
1142 860 1285 901 minus
1316 859 1501 900 absurde
1534 858 1606 899 de-

204 933 318 971 ceret
356 930 439 971 sibi
472 930 587 985 quod
631 929 741 971 idus
786 932 830 971 et
861 927 972 971 ethis
1016 931 1354 983 componeretur,
1389 941 1518 982 quam
1551 925 1608 966 ab

203 997 352 1047 idion,
393 998 598 1053 quoniam
630 1001 737 1039 tunc
778 1001 952 1038 sonaret
994 996 1141 1051 aliquo
1183 996 1310 1038 modo
1347 995 1606 1036 divisionem

203 1080 229 1106 a
262 1080 379 1106 more
411 1066 554 1121 gentis
587 1065 657 1107 vel
689 1065 999 1122 ignorantium.

263 1133 367 1174 Non
399 1137 464 1175 est
495 1133 595 1174 finis
633 1133 686 1176 de
719 1133 934 1175 erroribus
964 1133 1039 1187 qui
1072 1133 1279 1174 dicuntur
1312 1131 1367 1173 ab
1399 1131 1505 1181 istis,
1530 1145 1608 1172 nec

204 1215 377 1256 possum
410 1201 583 1256 singula
614 1205 804 1257 tangere.
869 1200 1023 1242 Unum
1065 1204 1215 1242 tamen
1260 1199 1401 1241 adhuc
1428 1202 1607 1254 tangam

203 1273 380 1325 propter
426 1269 744 1324 disputationes
784 1268 1058 1325 Hugutionis
1094 1271 1139 1309 et
1170 1267 1377 1316 Britoms,
1423 1266 1498 1321 qui
1545 1267 1610 1307 111-

204 1337 384 1378 saniunt
415 1340 565 1379 contra
593 1337 838 1389 veritatem,
872 1340 916 1378 et
952 1336 1166 1392 praecipue
1199 1335 1336 1385 Brito,
1380 1335 1454 1390 qui
1490 1334 1610 1376 vide—

205 1408 280 1446 tur
310 1405 450 1447 furere
492 1405 539 1446 in
576 1405 655 1446 hac
696 1409 831 1461 parte.
896 1405 975 1446 Est
1012 1404 1150 1460 igitur
1196 1418 1343 1445 eorum
1387 1403 1610 1444 contentio

205 1473 251 1513 in
293 1473 516 1514 vocabulis
547 1473 755 1515 derivatis
787 1488 813 1514 a
834 1472 1053 1528 lapidibus
1085 1475 1128 1514 et
1165 1472 1250 1523 filo,
1284 1475 1335 1513 ut
1367 1471 1610 1512 adamanti-

204 1555 298 1591 nus,
322 1541 656 1596 amethystinus,
681 1541 969 1596 crystallinus,
1005 1539 1330 1595 hyacinthinus,
1354 1539 1609 1594 onychium,

206 1609 516 1664 smaragdinus,
551 1608 850 1663 bombycinus,
883 1608 1098 1663 byssinus,
1149 1612 1192 1649 et
1225 1607 1480 1661 hujusmodi,
1516 1622 1611 1661 quat

207 1677 353 1717 omnia
385 1676 642 1717 breviantur
680 1677 725 1717 in
758 1676 1000 1732 penultima
1044 1675 1224 1730 syllaba.
1302 1675 1419 1716 Nam
1464 1690 1611 1716 omncs

204 1748 400 1786 auctores
421 1744 625 1786 breviant
656 1745 748 1786 haec
780 1748 824 1786 ct
848 1759 1070 1800 nunquam
1103 1745 1293 1800 longant.
1359 1744 1503 1799 Igitur
1524 1758 1609 1784 non

205 1816 271 1854 est
302 1813 471 1868 poetica
501 1812 677 1854 licentia
721 1812 837 1867 quod
868 1812 1033 1868 longat.
1119 1812 1234 1853 Nam
1273 1816 1378 1853 tunc
1410 1816 1475 1853 cst
1513 1815 1611 1866 poe-

206 1880 294 1921 tica
345 1880 520 1921 licentia
572 1894 708 1934 quum
760 1880 807 1920 in
859 1894 959 1920 casu
1010 1894 1139 1920 causa
1190 1879 1319 1920 metri
1365 1879 1418 1920 fit
1468 1880 1612 1933 aliqua

207 1948 377 2001 syllaba
408 1947 566 1998 brevis,
591 1948 662 1988 Vel
695 1948 837 2003 longa,
861 1962 959 1988 cum
991 1948 1099 1988 alias
1131 1962 1221 1988 non
1253 1947 1506 1988 inveniatur
1537 1948 1611 1998 ita,

208 2015 323 2070 apud
346 2015 531 2056 eundem
564 2018 785 2056 auctorem
819 2019 862 2056 ct
894 2015 1010 2056 alios.
1076 2015 1207 2057 Unde
1229 2014 1484 2057 Juvenalis¹
1519 2015 1608 2056 ait:

301 2115 322 2131 ‘⁵
342 2109 562 2152 Causidici
594 2110 799 2152 vendunt
831 2111 1136 2167 amethystina
1169 2111 1381 2153 convenit
1414 2110 1541 2152 illis.''

211 2202 269 2245 Et
300 2203 414 2245 idem
428 2219 436 2245 :

301 2300 324 2318 ‘⁶
343 2297 536 2339 Grandia
567 2298 786 2340 tolluntur
818 2299 1071 2354 crystallina
1102 2299 1295 2341 maxima
1325 2299 1510 2342 1¹ursus,''

209 2386 267 2429 Et
298 2387 413 2429 idem
426 2403 434 2429 :

329 2488 575 2540 “Quarum
609 2490 783 2532 delicias
816 2506 987 2548 pannus
1017 2492 1306 2548 bombycinus
1337 2492 1464 2535 urit.''

212 2580 271 2623 Et
303 2581 475 2623 Persius
496 2598 504 2624 ι
529 2582 544 2605 2

214 2696 237 2713 “
253 2691 339 2733 Hic
370 2692 528 2747 aliquis
560 2694 629 2735 cui
661 2694 820 2737 circum
853 2695 1053 2738 humeros
1075 2696 1359 2751 hyacinthina
1380 2697 1491 2739 laena
1512 2697 1614 2739 est.’'

259 2849 265 2868 ¹
284 2847 474 2891 Juvenale's]
493 2849 549 2882 vii.
570 2853 650 2890 1363
668 2851 712 2883 vi.
734 2855 804 2891 155,
820 2856 892 2886 200.
936 2851 942 2896 Ι
1006 2855 1018 2872 ²¹
1035 2853 1184 2896 Persius]
1212 2854 1233 2886 i.
1251 2858 1302 2889 32.
