1964 3259
386 268 470 307 500
884 279 1054 309 110οΕ111
1087 279 1281 310 BACONIS
1674 269 1789 325 [CAP.

383 395 494 437 sicut
524 396 772 451 antiquitus
804 398 920 453 apud
945 397 1124 439 Latinos
1157 397 1179 439 b
1209 398 1464 440 multotiens
1497 398 1790 454 accipiebatur

384 479 461 520 pro
493 480 518 506 v
555 470 829 517 consonante,
864 469 913 507 ut
945 467 1070 508 docet
1103 466 1376 508 Priscianus¹
1412 467 1459 508 111
1491 457 1630 522 primo
1667 468 1787 509 libro.

384 533 595 575 Similiter
636 549 723 575 11011
771 534 935 576 habent
967 549 992 590 [J
1024 538 1342 577 consonantem.
1407 535 1467 577 Et
1511 535 1659 577 Latini
1701 551 1789 577 non

384 602 546 643 habent
583 603 661 656 psir
703 603 887 653 literam,
931 618 1009 645 nec
1045 604 1237 659 aliquam
1273 605 1491 660 signatam
1533 619 1666 645 unam
1699 605 1791 646 1000

384 670 486 725 ejus,
521 671 595 711 sed
639 674 826 712 utuntur
863 686 920 727 ps
953 672 999 713 in
1035 672 1197 714 Graecis
1239 673 1515 725 dictionibus,
1547 677 1598 715 ut
1630 672 1794 728 psitta-

384 754 462 780 cus
512 744 556 781 et
595 739 814 794 paulinus,
860 744 903 782 et
939 741 985 781 in
1029 740 1210 790 Latinis,
1254 745 1305 783 ut
1343 741 1502 797 lapsas
1533 746 1577 783 et
1615 741 1789 798 scripsi.

383 808 500 849 Nam
547 808 688 863 prima
721 809 848 850 litera
888 809 1057 851 ultimae
1102 811 1281 866 syllabae
1323 813 1388 852 est
1428 826 1462 866 p
1507 811 1641 862 litera,
1679 811 1790 852 sicut

384 878 509 918 docet
551 877 806 918 Priscianus
869 878 1119 933 Aliquando
1161 882 1310 921 tamen
1348 879 1496 920 Latini
1539 882 1727 921 utuntur
1770 878 1791 920 b

384 949 427 987 et
459 961 492 997 8,
514 950 565 987 ut
597 945 752 997 coelebs,
777 946 952 996 (valebis,
986 946 1104 999 urbs,
1137 947 1279 999 urbis,
1314 962 1448 1003 quum
1480 948 1642 990 scilicet
1672 948 1792 1004 geni-

382 1015 503 1056 tivus
551 1029 672 1055 casus
715 1015 980 1056 terminatur
1024 1015 1071 1056 in
1109 1015 1185 1057 bis.
1248 1017 1461 1059 Similiter
1502 1031 1580 1072 pro
1623 1016 1793 1058 Latinis

383 1083 649 1125 dictionibus
681 1082 829 1124 Latini
873 1098 962 1124 non
1008 1084 1172 1126 liabent
1218 1085 1385 1140 aliquid
1417 1085 1509 1127 loco
1544 1085 1655 1136 craece,
1691 1086 1793 1140 quia

382 1166 470 1193 11011
519 1152 715 1193 scribunt
747 1151 928 1193 Latinas
970 1151 1181 1194 dictiones
1222 1168 1298 1208 per
1345 1168 1380 1204 τι,
1414 1154 1487 1195 sed
1524 1153 1705 1204 Graecas,
1742 1159 1793 1195 ut

383 1220 490 1263 dicit
534 1220 789 1262 Priscianus.
872 1219 1001 1262 Unde
1046 1235 1071 1262 z
1112 1235 1200 1262 11011
1244 1224 1309 1262 est
1356 1222 1484 1263 litera
1523 1222 1681 1263 Latina
1717 1223 1791 1264 sed

385 1290 537 1332 Graeca
589 1289 825 1331 secundum
872 1303 1037 1340 sonum,
1080 1289 1183 1332 licet
1220 1291 1456 1332 secundum
1503 1291 1688 1347 figuram
1736 1291 1795 1332 sit

385 1358 544 1400 Latina
588 1361 632 1399 et
674 1358 911 1400 secundum
964 1372 1131 1400 nomen.
1197 1358 1409 1411 Quamvis
1456 1363 1604 1401 autem
1653 1359 1793 1402 Graeci

384 1442 472 1469 non
518 1428 711 1468 habeant
755 1442 780 1482 q
823 1431 866 1469 et
904 1442 925 1469 c
966 1429 1203 1470 secundum
1244 1428 1407 1485 figuras
1439 1432 1484 1470 et
1515 1443 1685 1480 nomen,
1719 1428 1794 1470 sed

384 1501 532 1538 tamen
576 1497 741 1538 habent
778 1497 1016 1538 secundum
1050 1512 1232 1550 sonum3
1272 1497 1375 1552 quia
1407 1497 1655 1539 Priscianus
1687 1498 1794 1539 dicit

384 1566 498 1621 (111011
545 1564 582 1616 h,
629 1570 673 1606 et
704 1580 740 1620 q,
775 1569 819 1606 et
858 1579 879 1606 c
920 1569 1025 1606 sunt
1073 1566 1189 1607 idem
1242 1566 1505 1608 elementum
1557 1567 1793 1608 secundum

382 1648 546 1676 sonum.
611 1634 824 1675 Similiter
857 1633 984 1684 atha,
1034 1638 1078 1675 et
1121 1633 1203 1685 chi,
1243 1638 1287 1676 et
1326 1634 1413 1689 phi
1456 1649 1545 1676 non
1583 1635 1795 1676 differunt

384 1703 469 1744 nisi
503 1702 831 1745 accidentaliter
863 1717 888 1743 a
920 1701 998 1757 tuf,
1034 1706 1078 1744 et
1110 1701 1275 1758 kappa,
1310 1706 1354 1744 et
1385 1702 1449 1758 pi,
1484 1704 1576 1745 loco
1609 1718 1792 1758 quorum

387 1772 536 1813 Latini
568 1771 732 1812 habent
767 1775 795 1822 t,
828 1786 863 1823 z,
896 1770 933 1820 lc,
968 1774 1013 1812 et
1039 1786 1083 1826 p.
1149 1771 1254 1813 Ideo
1287 1771 1354 1813 hae
1386 1772 1525 1814 literae
1558 1773 1793 1814 secundum

386 1841 677 1882 substantiam
710 1839 803 1880 soni
835 1854 923 1880 non
955 1840 1113 1881 desunt
1151 1839 1321 1881 Latinis
1354 1840 1615 1881 dictionibus
1662 1841 1791 1896 puris.

388 1909 447 1950 Et
499 1909 545 1949 in
596 1908 765 1950 Latinis
818 1923 915 1963 quae
978 1922 1004 1949 a
1058 1908 1220 1949 Graecis
1275 1912 1520 1959 sumuntur,
1580 1912 1630 1950 ut
1691 1912 1794 1950 sunt

377 1978 529 2032 fama,
563 1977 697 2032 fuya,
732 1976 958 2032 fmfero,2
991 1976 1207 2033 fenestra,
1241 1977 1409 2018 utimur
1440 1976 1475 2032 f
1511 1977 1622 2018 sicut
1657 1977 1795 2019 Graeci

387 2049 575 2087 utuntur
611 2045 708 2101 phi,
752 2046 816 2086 ita
857 2049 1004 2087 tamen
1038 2046 1155 2100 (111011
1192 2046 1238 2086 111
1275 2046 1460 2101 propriis
1493 2045 1663 2087 Latinis
1706 2047 1793 2087 dic-

386 2115 581 2156 tionibus
613 2114 648 2170 f
684 2115 817 2155 habet
850 2129 1005 2155 sonum
1049 2114 1269 2165 Latinum,
1312 2119 1362 2155 ut
1403 2113 1553 2170 filiius,
1592 2114 1793 2155 deficiens

386 2184 485 2239 plus
537 2199 562 2224 a
614 2197 719 2224 sono
772 2183 875 2237 ejus,
931 2184 1048 2238 quod
1100 2187 1165 2224 est
1211 2182 1311 2238 phi,
1356 2198 1487 2238 quam
1534 2183 1581 2223 in
1624 2183 1793 2224 Latinis

387 2252 572 2307 sumptis
609 2267 635 2293 a
669 2251 839 2293 Graecis
904 2251 1035 2293 Unde
1070 2252 1261 2293 maxime
1298 2252 1344 2292 in
1378 2251 1541 2293 talibus
1583 2251 1794 2306 accipitur

377 2320 411 2374 f
438 2321 529 2361 1000
562 2319 660 2375 phi,
700 2323 744 2361 et
782 2319 906 2374 quasi
942 2320 1075 2362 habet
1113 2334 1266 2361 sonum
1310 2319 1413 2374 ejus,
1452 2320 1537 2360 nisi
1569 2320 1672 2375 quia
1705 2334 1793 2360 non

386 2388 488 2428 fixis
520 2388 646 2429 labiis
668 2388 1041 2443 pronuntiandum
1065 2391 1130 2430 est
1152 2388 1187 2443 f
1211 2388 1322 2429 sicut
1340 2387 1438 2442 phi,
1462 2391 1506 2429 et
1532 2387 1619 2443 phi
1641 2402 1729 2428 non
1751 2388 1791 2442 f,

386 2459 436 2497 ut
478 2455 585 2497 dicit
628 2455 883 2497 Priscianus.
947 2455 1073 2496 Nihil
1122 2456 1237 2497 enim
1280 2456 1400 2496 aliud
1451 2456 1641 2496 interest.
1707 2455 1792 2495 Sed

380 2524 467 2580 phi
520 2527 564 2565 et
611 2522 668 2578 pi
719 2538 806 2564 non
859 2523 1068 2565 differunt
1119 2524 1204 2564 nisi
1258 2538 1334 2578 per
1380 2523 1587 2574 accidens,
1633 2523 1793 2564 scilicet

385 2596 562 2648 propter
604 2592 914 2647 aspirationem
957 2595 1137 2646 quartae,
1182 2606 1259 2632 nec
1295 2606 1327 2647 p
1369 2594 1413 2632 et
1449 2590 1484 2646 f
1508 2591 1561 2632 de
1604 2594 1758 2632 caetero
1776 2590 1792 2613 ³

385 2660 596 2702 differunt
647 2660 732 2701 nisi
784 2660 1119 2702 accidentaliter.
1190 2660 1249 2701 Et
1294 2674 1349 2701 ex
1396 2659 1463 2700 his
1504 2663 1626 2715 patet
1678 2661 1793 2714 quod

386 2733 600 2784 quantum
643 2729 699 2770 ad
750 2728 1045 2770 substantiam
1088 2729 1184 2770 soni
1236 2728 1400 2770 habent
1443 2727 1594 2768 Latini
1648 2728 1792 2769 decem

431 2860 437 2877 ¹
459 2859 668 2899 Priscianus]
697 2859 776 2890 ibid.
1089 2858 1093 2907 Ι
1160 2869 1171 2886 ³
1188 2867 1223 2898 (If
1240 2867 1368 2908 meyero]
1397 2867 1508 2903 deses,
1526 2866 1599 2897 MS.

430 2912 600 2953 fflt'mjfero]
628 2912 742 2943 furfur.
763 2914 777 2943 Ρ
1089 2912 1095 2945 1
