1964 3259
198 229 267 285 IL]
754 236 990 268 APPENDIX
1021 237 1049 268 1.
1512 225 1599 271 5:27

197 357 263 398 De
305 355 624 398 characteribus
665 355 801 410 igitur
842 353 981 409 primo
1028 352 1316 407 judicandum
1370 352 1483 394 sicut
1544 353 1597 395 de

195 425 465 467 orationibus
508 425 674 466 dictum
704 426 780 464 est.
863 421 930 463 De
961 420 1190 462 secundis¹
1239 423 1387 462 autem
1430 422 1466 462 si
1506 436 1594 462 non

195 494 304 535 fiant
361 493 629 549 temporibus
681 490 859 541 electis,2
910 489 1078 531 nullam
1129 489 1306 545 penitus
1358 488 1595 531 efficaciam

195 562 353 603 habere
384 564 631 603 noscuntur.
694 560 754 600 Et
785 559 882 600 ideo
914 558 988 613 qui
1020 557 1125 599 facit
1157 573 1207 599 ea
1238 558 1350 599 sicut
1396 558 1442 599 in
1473 557 1597 600 libris

194 631 448 680 formantur,
503 644 591 671 non
632 627 862 684 respiciens
913 627 997 667 nisi
1038 627 1172 668 solam
1225 627 1411 682 figuram
1466 641 1597 682 quam

195 697 506 754 repraesentat8
546 698 601 739 ad
633 696 864 752 exemplar,
907 694 1018 736 nihil
1050 694 1187 736 facere
1230 695 1286 736 ab
1329 695 1448 736 omni
1482 695 1596 751 sapi-

194 771 294 808 ente
328 767 562 821 judicatur.
646 765 732 816 Qui
783 767 930 805 autem
972 763 1117 804 sciunt
1158 763 1206 804 in
1247 762 1595 804 constellationi-

193 836 273 877 bus
315 835 474 876 debitis
505 848 634 890 opera
664 833 802 874 facere
835 831 892 872 ad
933 831 1085 872 vultus
1127 831 1349 881 coelorum,
1398 831 1464 872 illi
1508 845 1594 873 non

191 904 331 944 solum
373 903 647 951 characteres,
690 900 766 942 sed
808 899 955 941 omnia
996 913 1128 955 opera
1171 914 1250 941 sua
1292 902 1480 955 possunt
1513 900 1597 940 dis—

195 986 361 1027 ponere,
406 974 500 1013 tam
542 970 660 1020 artis,
705 983 837 1025 quam
873 971 1058 1018 naturae,
1103 969 1341 1010 secundum
1380 968 1479 1010 coeli
1511 969 1597 1009 vir-

195 1044 346 1082 tutem.
411 1039 497 1081 Sed
546 1039 649 1094 quia
690 1037 861 1079 difficile
902 1040 969 1078 est
1009 1036 1317 1078 certitudinem
1358 1037 1598 1078 coelestium

195 1109 422 1164 percipere,
457 1107 555 1149 ideo
583 1107 629 1148 in
660 1106 727 1147 his
759 1106 925 1146 multus
957 1108 1022 1146 est
1052 1120 1169 1146 error
1201 1105 1317 1160 apud
1348 1105 1521 1155 inultos,
1555 1110 1599 1147 et

194 1177 321 1232 pauci
354 1180 457 1218 sunt
493 1175 567 1231 qui
598 1174 763 1230 aliquid
794 1174 964 1215 utiliter
1000 1176 1044 1215 et
1067 1174 1280 1215 veraciter
1311 1174 1453 1215 sciant
1486 1174 1601 1215 ordi-

197 1260 309 1286 nare.
385 1245 446 1286 Et
478 1242 729 1300 propterea4
764 1243 922 1298 vulgus
955 1242 1365 1284 mathematicorum
1400 1242 1600 1297 judican-

195 1314 308 1355 tium
341 1317 385 1355 et
417 1312 691 1368 operantium
732 1325 808 1366 per
839 1310 987 1352 stellas
1036 1324 1226 1366 magnas,
1274 1325 1363 1351 non
1410 1311 1599 1352 multum

198 1379 460 1438 proficiunt,5
491 1385 568 1422 aut
610 1379 776 1434 aliquid
818 1379 927 1420 utile
958 1377 1151 1430 faciunt;
1198 1378 1398 1434 quamvis
1430 1379 1602 1434 peritis-

197 1451 306 1500 simi,
351 1454 396 1491 et
438 1453 576 1491 artem
625 1447 888 1489 sufficienter
940 1447 1164 1497 habentes
1208 1450 1383 1502 possent
1440 1447 1601 1488 inultas

196 1520 411 1560 utilitates
452 1518 602 1567 facere,
646 1520 739 1558 tam
781 1530 858 1571 per
892 1515 1059 1570 judicia
1100 1530 1231 1572 quam
1272 1530 1349 1572 per
1390 1530 1519 1573 opera
1555 1516 1601 1558 in

197 1587 466 1642 temporibus
507 1585 664 1627 electis.

259 1653 632 1697 Considerandum
667 1653 732 1693 est
761 1654 921 1702 tamen,
957 1652 1074 1707 quod
1114 1652 1307 1694 medicus
1344 1653 1520 1709 peritus
1557 1655 1600 1696 et
1618 1662 1705 1696 How
1722 1663 1773 1695 fax·

198 1724 444 1780 quicunque
477 1722 587 1763 alius
621 1721 696 1776 qui
730 1720 864 1762 habet
900 1718 1116 1762 animam6
1153 1721 1354 1771 excitare,
1397 1736 1475 1777 per
1507 1708 1796 1783 ca1·-Jigslt1¹1{{¹i³¹“

198 1793 318 1833 mina
359 1795 403 1833 et
453 1791 718 1832 characteres
769 1789 872 1830 licet
922 1789 1056 1839 fictos,
1120 1789 1289 1830 utiliter
1340 1789 1596 1845 (secundum
1615 1797 1699 1828 cine.

200 1859 542 1902 Constantinum
588 1857 825 1913 medicum)
875 1859 1021 1912 potest
1063 1857 1303 1909 adhibere3
1355 1872 1444 1900 non
1497 1859 1600 1914 quia

198 1928 281 1984 ipsi
324 1928 588 1969 characteres
630 1929 674 1967 et
722 1924 914 1966 carmina
956 1925 1121 1980 aliquid
1164 1929 1406 1981 operentur,
1441 1927 1516 1968 sed
1550 1931 1602 1969 ut

200 1995 401 2038 devotius
453 1997 498 2036 et
548 1993 721 2035 avidius
772 1993 989 2034 medicina
1040 1993 1285 2049 recipiatur,
1331 1996 1376 2036 et
1429 1995 1601 2037 animus

198 2063 411 2120 patientis
455 2062 682 2112 excitetur,
727 2065 771 2102 et
813 2061 1006 2103 confidat
1053 2061 1246 2114 uberius,
1283 2065 1329 2104 et
1362 2066 1517 2119 speret,
1556 2066 1601 2105 et

199 2132 470 2188 congaudeat
487 2148 496 2183 ;
541 2128 775 2186 quoniam⁷
823 2129 971 2171 anima
1013 2130 1206 2172 excitata
1237 2133 1381 2186 potest
1417 2132 1465 2172 in
1511 2147 1602 2173 cor-

199 2214 301 2256 pore
342 2197 546 2256 proprio8
595 2198 736 2240 multa
777 2212 999 2248 renovare,
1048 2201 1099 2240 ut
1141 2199 1193 2240 de
1235 2199 1494 2241 infirmitate
1547 2200 1603 2242 ad

199 2269 436 2310 sanitatem
468 2267 750 2317 convalescat,
776 2280 831 2308 ex
860 2266 1022 2323 gaudio
1049 2269 1093 2308 et
1125 2267 1398 2309 confidentia.
1452 2268 1500 2311 Si
1522 2268 1602 2324 igi-

198 2341 271 2379 tur
302 2337 495 2378 medicus
529 2336 585 2377 ad
619 2335 992 2391 magnificandum
1025 2350 1132 2391 opus
1164 2350 1303 2386 suum,
1342 2339 1393 2378 ut
1429 2336 1602 2393 patiens

245 2576 252 2594 ¹
270 2576 434 2618 secundis]
461 2575 581 2617 sigillis
598 2579 708 2606 autem
733 2579 765 2606 et
789 2575 866 2606 cha·
899 2586 900 2598 ¹
976 2575 1192 2617 ⁵121·0fieiunt]
1212 2575 1387 2612 excedunt,
1401 2574 1486 2613 MS„
1503 2579 1531 2606 et
1548 2579 1604 2606 aut

197 2629 379 2660 rac-teribus
397 2630 541 2660 secundo
556 2629 655 2660 modo
671 2628 747 2667 nisi,
764 2628 802 2661 C.
821 2628 864 2660 H.
934 2627 1060 2668 aliquid
1084 2627 1165 2658 utile
1187 2626 1325 2664 faciunt,
1349 2637 1413 2658 om.

245 2680 391 2723 ²electz's]
420 2681 498 2720 suis,
516 2681 553 2713 G.
976 2681 988 2697 ὃ
1004 2680 1158 2721 animam]
1189 2679 1356 2718 animalia,
1383 2679 1458 2711 MS.

244 2735 255 2752 ²
272 2734 497 2776 repraesentat]
524 2733 675 2771 fabricat,
701 2734 738 2766 C.
977 2733 988 2749 ⁷
1004 2732 1169 2773 quoniam]
1190 2733 1258 2770 sed,
1276 2731 1350 2763 MS.

244 2787 254 2804 ‘¹
266 2786 454 2829 propterea]
474 2792 646 2828 propterea
660 2787 757 2826 ultra,
772 2785 864 2824 MS.;
976 2787 987 2804 ⁸
1000 2785 1151 2828 proprio]
1173 2795 1237 2818 om.
1254 2783 1327 2817 MS.

197 2846 329 2883 propter
352 2840 425 2880 hoc,
442 2839 478 2872 C.
496 2839 540 2873 H.
