1964 3259
197 239 298 297 vir]
636 250 943 282 COMPENDIUM
974 250 1140 282 STUDII.
1513 242 1599 288 447

196 368 302 420 tina,
356 369 427 411 vel
480 368 640 420 Graeca,
688 369 758 411 vel
810 367 1010 417 Hebraea,
1065 371 1109 409 et
1155 382 1178 409 e
1230 382 1446 419 conversQ
1505 385 1600 425 quae

195 452 284 478 non
316 441 444 489 sunt3
506 438 702 487 secundo,
737 437 840 492 quia
870 436 1163 477 derivationes
1206 435 1334 478 falsas
1375 439 1420 478 et
1466 438 1600 479 inter-

196 507 461 561 pretationes
506 506 610 547 facit
658 509 702 546 et
751 504 1038 559 etymologias
1076 505 1123 545 in
1167 504 1234 545 his
1251 521 1261 556 3
1321 505 1463 555 tertio,
1498 507 1601 561 quia

195 573 304 615 falsa
347 574 606 629 pronuntiat
638 576 681 614 et
725 572 886 622 scribit,
933 575 976 614 et
1022 573 1236 629 praecipue
1268 573 1334 614 illi
1366 574 1440 629 qui
1471 575 1601 629 primi

195 645 299 683 sunt
351 642 397 682 in
449 640 794 697 expositionibus
846 640 1155 682 vocabulorum
1199 641 1362 697 linguae
1415 642 1599 693 Latinae,

195 713 245 750 ut
303 713 406 751 sunt
468 709 634 764 Papias,
689 712 733 750 et
792 708 1006 764 Hugutio,
1060 711 1105 749 et
1167 709 1302 759 Brito,
1362 710 1599 761 mendaces,

195 791 380 833 quorum
425 776 661 818 mendaciis
692 777 849 832 vulgus
881 776 1142 832 opprimitur
1175 777 1441 819 Latinorum.
1505 780 1603 821 Hu-

194 846 317 901 gutio
376 845 423 885 in
474 845 626 900 primis
687 844 1023 900 reprehenditur
1076 845 1129 886 de
1173 860 1331 901 magno
1376 847 1601 889 mendacio

193 913 304 954 circa
376 912 638 968 principium
714 912 886 962 decreti,
951 912 1027 954 ubi
1103 912 1210 955 dicit
1264 914 1311 955 in
1374 919 1600 971 apparatu,

193 980 309 1036 quod
362 980 627 1036 exemplaria
675 980 834 1022 Latina
878 981 1061 1022 certiora
1113 985 1216 1023 sunt
1260 997 1391 1038 quam
1437 984 1599 1035 Graeca,

192 1053 237 1090 et
284 1048 435 1090 Graeca
479 1063 609 1104 quam
655 1048 857 1099 Hebraea,
891 1049 1073 1104 loquens
1117 1050 1169 1091 de
1213 1050 1299 1092 illis
1331 1066 1428 1107 quae
1460 1056 1602 1094 trans-

192 1116 281 1157 lata
307 1120 411 1157 sunt
452 1116 507 1157 ab
557 1116 757 1158 Hebraeis
803 1117 850 1157 in
899 1117 1108 1168 Graecnm,
1142 1121 1186 1160 et
1233 1119 1287 1161 ab
1337 1120 1525 1162 Hebraeo
1558 1126 1602 1164 et

193 1183 342 1226 Graeco
374 1184 422 1226 in
464 1184 683 1234 Latinum,
722 1184 883 1227 faciens
928 1185 1255 1228 distinctionem
1299 1187 1464 1230 ibidem
1497 1204 1601 1245 quo-

195 1253 322 1294 modo
356 1252 435 1294 hoc
465 1253 668 1308 possibile
699 1257 774 1295 est.
854 1253 914 1294 Et
960 1254 1146 1309 imponit
1180 1255 1452 1313 Hieronymo
1486 1259 1602 1313 quod

195 1322 372 1362 omnino
433 1320 670 1362 absurdum
733 1324 809 1372 est,
864 1325 909 1362 et
966 1326 1118 1364 contra
1180 1323 1504 1380 Hieronymum
1556 1328 1603 1369 in

195 1388 372 1444 prologo
406 1388 707 1432 Pentateuchi.
791 1389 902 1432 Cum
935 1391 1049 1432 enim
1081 1392 1128 1432 in
1158 1393 1383 1435 translatis
1414 1410 1440 1436 a
1470 1397 1604 1451 priori

197 1456 349 1512 lingua
390 1471 478 1497 non
523 1459 666 1512 potest
707 1456 754 1497 in
795 1459 1023 1513 posteriori
1076 1459 1243 1515 aliquid
1293 1465 1409 1504 recte
1461 1467 1602 1506 trans—

196 1525 299 1566 ferri
375 1524 460 1565 nisi
533 1525 770 1567 secundum
845 1527 962 1581 quod
1036 1527 1121 1568 fuit
1198 1529 1245 1569 in
1313 1530 1480 1587 origine
1559 1536 1603 1574 et

195 1592 326 1642 fonte,
371 1593 648 1634 manifestum
696 1596 761 1634 est
807 1595 923 1649 quod
969 1596 1128 1637 certius
1175 1597 1351 1639 omnino
1399 1603 1465 1641 est
1512 1600 1604 1643 He-

196 1661 362 1702 braeum
416 1675 546 1715 quam
580 1660 791 1713 Graecum,
825 1666 869 1704 et
912 1663 992 1704 hoc
1023 1678 1155 1718 quam
1188 1665 1406 1717 Latinum,
1441 1669 1487 1709 in
1535 1670 1602 1711 his

193 1743 290 1784 quae
334 1744 360 1770 a
400 1729 616 1784 prioribus
662 1730 823 1786 linguis
870 1731 917 1772 in
964 1732 1224 1787 posteriores
1268 1736 1601 1781 transferantur.

193 1797 252 1838 Et
293 1797 577 1853 proculdubio
621 1797 922 1853 Hieronymus
964 1815 1163 1856 expresse
1207 1802 1313 1844 dicit
1354 1805 1483 1847 istud.
1542 1800 1604 1848 Εὖ

193 1865 290 1906 ideo
354 1865 555 1920 Hugutio
607 1880 696 1907 non
748 1866 970 1909 intellexit
1031 1868 1356 1925 Hieronymum
1412 1873 1460 1913 in
1521 1874 1602 1916 hac

192 1936 325 1988 parte.
388 1933 459 1974 Ex
496 1947 580 1988 quo
612 1937 735 1989 patet
766 1936 882 1989 quod
913 1935 960 1976 in
1006 1936 1118 1978 libro
1149 1952 1226 1979 suo
1259 1939 1326 1981 De
1368 1940 1603 1984 Vocabulis

195 2003 323 2052 errat,
358 2015 457 2041 cum
507 2001 634 2051 dicat,
670 2003 785 2057 quod
832 2018 858 2044 a
904 2004 1034 2046 doceo
1076 2005 1238 2047 dicitur
1268 2007 1454 2064 dogma3
1499 2025 1604 2065 quo-

194 2068 313 2109 niam
366 2068 495 2109 doceo
550 2069 768 2120 Latinum,
824 2074 868 2112 et
920 2072 1078 2128 dogma
1122 2073 1322 2117 Graecum
1375 2081 1452 2119 est.
1515 2078 1603 2121 Sed

193 2136 312 2192 prior
361 2136 512 2190 lingua
573 2151 662 2177 non
724 2138 986 2181 certificatur
1036 2156 1113 2196 per
1174 2145 1468 2199 posteriorem,
1522 2162 1601 2189 nec

194 2203 419 2245 derivatur
469 2219 494 2246 a
545 2205 784 2260 posteriori,
833 2210 884 2248 ut
936 2208 1120 2262 quilibet
1167 2211 1273 2253 satis
1324 2214 1459 2255 novit.
1542 2215 1602 2257 Et

193 2271 272 2313 hoc
315 2286 513 2328 expresse
566 2272 673 2314 dicit
706 2274 1004 2330 Hieronymus
1055 2277 1102 2319 in
1152 2279 1264 2321 libro
1298 2280 1600 2333 Quaestionum

196 2339 535 2382 Hebraicarum¹
571 2345 614 2383 et
647 2342 825 2384 Servius
861 2344 908 2384 in
940 2348 1251 2390 commentario
1293 2364 1421 2406 super
1452 2366 1602 2394 secun-

195 2409 299 2449 dum
349 2408 657 2465 Georgicorum
693 2412 1012 2466 reprehendens
1049 2414 1286 2468 Donatum,
1337 2419 1413 2474 qui
1443 2435 1602 2462 nomen

193 2476 362 2528 Bacchi,
412 2478 528 2532 quod
564 2482 630 2520 est
686 2478 879 2522 Lemaire
934 2480 1144 2535 Graecum,
1190 2485 1295 2528 dicit
1341 2487 1531 2530 derivari
1578 2505 1603 2531 a

194 2544 319 2594 lenio,
365 2545 486 2587 lenis.
554 2546 636 2588 Cui
670 2547 848 2590 Servius
870 2549 1020 2605 objicit
1041 2553 1157 2606 quod
1190 2553 1374 2597 Lenaeus
1404 2556 1601 2598 Graecum

196 2615 273 2662 est,
326 2615 370 2653 et
420 2613 518 2656 ideo
564 2614 767 2657 Latinam
821 2632 909 2659 non
961 2619 1116 2675 recipit
1166 2621 1601 2677 interpretationem3

532 2838 539 2856 ¹
563 2837 778 2877 Quaestionum
795 2841 1049 2887 Hebraicarum]
1091 2845 1190 2878 Praef.
1204 2851 1316 2888 p,303.
