1964 3259
225 261 358 316 LXIL]
742 268 856 300 orus
887 268 1106 299 TERTIUM,
1545 256 1628 297 249

225 388 382 430 ultimo
414 388 508 429 dixi
540 387 593 428 de
625 386 720 428 istis
752 386 905 436 tribus,
929 387 995 425 est
1026 398 1138 425 unus
1169 397 1329 423 versus.
1394 381 1480 423 Sed
1511 381 1631 432 illud,

226 456 342 511 quod
374 456 479 506 dixi,
514 469 681 497 comma
712 453 845 495 habet
876 452 1178 508 pausationem
1209 451 1368 492 flexam
1400 464 1554 504 parum
1585 464 1634 491 ac

226 525 486 580 depressam,
533 526 598 564 est
642 536 837 571 comma3
893 518 1009 574 quod
1062 522 1211 560 autem
1263 518 1461 573 sequitur
1512 517 1634 558 colon

227 607 330 634 vero
364 592 598 640 elevatum,
635 593 700 631 est
731 588 864 630 colon.
927 587 1078 628 Tertia
1112 601 1212 642 pars
1257 585 1363 628 facit
1394 585 1634 642 periodum.

229 661 295 702 Ut
338 659 515 700 Genesis
547 658 687 714 primo
708 656 808 713 [2.]:
873 655 1048 696 “Terra
1079 659 1228 696 autem
1272 658 1367 696 erat
1418 654 1561 695 inanis
1593 656 1637 694 et

228 726 402 777 vacua,”
424 730 490 768 est
522 724 717 767 comma.¹
798 724 896 765 “Et
931 723 1122 765 tenebrae
1159 726 1284 764 erant
1321 737 1449 778 super
1481 721 1636 763 faciem

227 794 413 851 abyssi‚’'
435 797 500 835 est
521 793 670 835 colon.2
736 796 757 814 “
772 792 832 833 Et
853 791 1033 847 spiritus
1056 791 1236 832 Domini
1257 790 1476 832 ferebatur
1509 804 1637 845 super

228 861 399 918 aquas,'’
436 865 503 903 est
534 858 766 917 periodus.3
828 859 888 901 Et
918 859 981 900 ibi
1012 859 1065 901 fit
1095 857 1276 901 versus.4

288 930 375 971 Hae
405 944 509 972 vero
540 931 645 970 sunt
666 927 946 984 pausationes
968 927 1228 983 principales
1249 943 1258 978 ;
1291 927 1366 968 sed
1386 930 1538 968 tamen
1559 927 1637 967 ali-

229 998 403 1053 quando
434 997 714 1052 intercipitur
751 996 909 1051 aliquis
954 999 1143 1052 punctus
1184 995 1381 1051 simpleX,
1426 998 1478 1036 ut
1518 995 1637 1036 Deu-

229 1065 485 1107 teronomize
517 1065 650 1106 tertio
673 1064 850 1106 decimo.
873 1064 952 1119 [1.]
1020 1063 1108 1105 “Si
1141 1063 1382 1104 surrexerit
1414 1063 1462 1104 in
1494 1063 1636 1104 medio

232 1140 254 1156 “
285 1134 353 1175 tui
384 1133 631 1190 prophetes,
679 1136 757 1173 aut
803 1132 877 1187 qui
909 1132 1128 1173 somnium
1160 1131 1322 1172 vidisse
1355 1146 1399 1172 se
1432 1130 1559 1180 dicat,
1593 1134 1638 1172 et

232 1208 255 1223 ‘⁶
286 1202 542 1257 praedixerit
575 1201 748 1256 signum
775 1204 907 1255 atque
929 1203 1196 1255 portentum,
1220 1203 1265 1241 et
1297 1199 1491 1241 evenerit
1522 1199 1638 1254 quod

232 1276 255 1291 ‘⁴
288 1270 459 1311 locutus
492 1273 569 1320 est,
603 1272 647 1310 et
679 1268 844 1309 dixerit
876 1268 973 1317 tibi,
998 1268 1163 1309 Eamus
1196 1270 1240 1309 et
1272 1282 1504 1322 sequamur
1535 1267 1638 1308 deos

234 1342 255 1359 ‘⁴
287 1337 462 1388 alienos,
486 1351 593 1392 quos
624 1336 810 1392 ignoras,
842 1339 886 1377 et
918 1336 1159 1377 serviamus
1191 1335 1289 1377 eis.”
1351 1336 1407 1376 In
1438 1335 1639 1376 omnibus

233 1405 437 1447 clausulis
483 1404 833 1459 praecedentibus
879 1403 1009 1444 debet
1055 1404 1149 1445 fieri
1196 1403 1383 1459 simplex
1429 1403 1639 1459 aspiratio

233 1473 326 1515 sine
358 1472 603 1514 elevatione
634 1471 705 1513 vel
737 1471 1022 1527 depressione,
1051 1472 1126 1512 sed
1156 1471 1226 1512 hic
1257 1471 1518 1526 deprimitur
1540 1485 1639 1513 vox,

236 1541 296 1582 Et
330 1555 427 1581 cum
462 1540 660 1591 infertur,
707 1539 850 1580 “Non
881 1539 1032 1580 audies
1078 1539 1212 1580 verba
1255 1539 1480 1594 prophetae
1523 1539 1642 1579 illius

235 1613 256 1631 “
290 1612 368 1649 aut
415 1607 696 1649 somniatoris
717 1606 753 1658 ;'’
806 1607 876 1647 1110
927 1606 1137 1658 elevatur,
1191 1610 1236 1648 et
1287 1610 1393 1648 tunc
1444 1607 1642 1662 sequitur

233 1675 447 1733 periodus,
481 1674 558 1716 ubi
591 1674 812 1716 sententia
843 1675 1096 1729 completur.
1163 1673 1249 1716 Sed
1281 1675 1642 1716 considerandum

234 1744 351 1800 quod
383 1758 472 1785 non
503 1757 670 1798 semper
701 1742 867 1784 cadunt
898 1742 991 1784 haec
1021 1743 1108 1784 tria
1137 1742 1184 1783 in
1216 1743 1365 1784 eodem
1399 1757 1538 1794 versu,
1569 1743 1643 1784 sed

234 1811 468 1867 aliquando
505 1811 644 1853 solum
677 1825 846 1853 comma
876 1825 974 1852 cum
1006 1810 1195 1866 periodo,
1234 1811 1469 1866 aliquando
1501 1811 1641 1852 solum

237 1880 372 1922 colon.

296 1948 492 1988 Functus
523 1959 627 1986 vero
660 1946 897 2001 depressus,
936 1960 1011 1987 seu
1047 1960 1224 1995 comma,
1269 1946 1320 1988 fit
1364 1946 1642 2002 quandocun-
1662 1965 1733 1998 The
1751 1977 1839 1998 com-

238 2030 320 2070 que
353 2017 419 2055 est
450 2013 706 2068 suspensiva
738 2014 1031 2065 constructi03
1078 2015 1253 2069 quando
1297 2015 1456 2056 scilicet
1493 2029 1644 2057 versus
1660 2020 1724 2043 ¹³¹³·

237 2083 393 2138 incipit
425 2081 479 2122 ab
521 2079 651 2122 istis5
699 2081 975 2133 dictionibus,
1021 2081 1063 2123 εἰ
1110 2083 1180 2124 vel
1211 2082 1373 2138 siquis,
1406 2083 1640 2138 quoniam,

239 2149 363 2206 quia,
408 2152 453 2190 et
496 2148 579 2204 qui
624 2149 800 2190 nomine
843 2149 1029 2201 infinito,
1089 2154 1133 2192 et
1184 2165 1470 2206 qucccunqzce,
1526 2165 1641 2203 cum,

239 2231 441 2273 cumque,
483 2220 738 2272 postquam,
770 2221 824 2259 vt
855 2232 932 2272 pro
958 2222 1212 2273 postquam,
1248 2218 1360 2270 licet,
1398 2219 1608 2274 quamvis
1624 2236 1642 2271 ,·

239 2286 413 2341 quando
443 2285 573 2326 etiam
610 2285 882 2340 praeponitur
913 2286 1135 2327 ablativus
1166 2286 1400 2336 absolutus,
1431 2290 1476 2329 et
1506 2288 1644 2343 parti-

238 2355 400 2410 cipium
431 2353 658 2409 praesentis
690 2353 908 2409 temporis.
989 2354 1251 2410 Exemplum
1283 2356 1336 2397 de
1367 2355 1506 2411 primo
1539 2355 1642 2397 Pro-

239 2422 503 2472 verbiorum,
537 2421 742 2462 vicesimo
764 2422 950 2477 septimo
969 2422 1078 2477 [22]
1098 2439 1105 2463 ε
1143 2426 1165 2444 “
1183 2423 1232 2465 Si
1255 2424 1501 2465 contuderis
1532 2424 1640 2465 stul-

242 2495 264 2512 “
296 2493 393 2531 tum
414 2490 463 2530 in
499 2489 600 2544 pila,
631 2489 755 2544 quasi
777 2490 971 2545 ptisanas
998 2490 1182 2547 desuper
1213 2491 1394 2533 feriente
1425 2492 1524 2548 pilo,
1554 2507 1642 2533 non

242 2562 265 2582 “
297 2558 520 2599 auferetur
550 2557 606 2598 ab
638 2571 687 2598 eo
718 2557 909 2599 stultitia
953 2557 1085 2613 ejus.”
1161 2559 1221 2600 Et
1265 2559 1325 2601 sic
1356 2560 1409 2601 de
1441 2560 1643 2601 omnibus

289 2754 449 2795 ¹comma]
479 2753 552 2795 (·)‚
577 2755 616 2786 T.
1025 2759 1173 2801 ’νοω-ηε]
1201 2784 1209 2792 .
1234 2770 1245 2787 δ
1271 2785 1277 2791 .
1305 2758 1326 2797 1²
1349 2786 1356 2794 .
1383 2784 1402 2821 I,
1429 2784 1447 2798 .‚
1471 2760 1510 2792 B.

289 2808 300 2824 ²
315 2805 420 2847 colon]
448 2806 462 2846 (
480 2812 498 2845 ς’
513 2807 538 2847 ),
563 2807 602 2838 T.

292 2858 480 2902 3ρεγιόιῐιιε]
508 2858 587 2901 (s),
611 2860 650 2892 T.
1018 2859 1030 2875 ⁵
1046 2858 1133 2900 istis]
1160 2858 1223 2898 his,
1245 2858 1283 2890 T.
