1964 3259
110 406 256 439 Various

108 451 257 484 versions
273 450 313 482 of

109 497 165 528 the
182 496 293 538 Scrip-

110 547 210 575 tures

334 274 419 315 346
842 280 1013 311 ROGERI
1045 280 1240 311 BAooNis

334 415 430 442 mus
474 400 733 456 [octavum]
803 398 981 440 Murum
1024 399 1116 455 ejus
1160 398 1353 454 undique
1394 412 1471 454 per
1512 397 1739 440 circuitum

333 469 654 526 longitudinem
687 468 1026 524 quingentorum
1058 467 1305 509 cubitorum
1334 467 1498 508 veritas
1524 466 1743 508 Hebra'i'ea

333 553 423 579 non
455 538 613 580 habet:
649 537 726 579 sed
762 536 1018 592 simpliciter
1048 536 1370 592 longitudinem
1402 536 1742 591 quingentorum

334 611 378 649 et
439 606 721 648 latitudinem
784 605 1135 661 quingentorum,
1186 608 1239 647 ut
1289 604 1580 646 subaudiatur
1630 604 1744 646 cala-

334 690 514 717 morum.

395 744 480 786 Sed
533 746 579 785 et
629 740 883 799 hujusmodi
926 741 1067 783 multa
1097 744 1283 798 possunt
1325 741 1517 798 allegari.
1583 741 1643 782 Et
1685 741 1741 782 ad

334 813 490 854 horum
521 811 699 868 planam
731 810 1108 852 confirmationem
1139 812 1285 866 potest
1318 809 1438 852 Beda
1468 809 1515 851 in
1552 809 1741 851 secunda

333 880 605 937 expositione
635 879 722 935 [in]
747 877 907 920 Actusl
931 878 1099 920 adduci.
1163 878 1285 920 Dicit
1312 879 1455 920 enim:
1490 877 1742 930 “Quaedam

335 953 357 972 “
392 949 527 1005 [quae]
582 948 630 988 in
664 947 827 998 Graeco,
862 947 954 988 sive
999 947 1140 998 aliter,
1190 946 1282 988 sive
1325 947 1423 1002 plus
1467 950 1546 988 aut
1592 946 1739 988 minus

335 1017 534 1073 “posita
585 1015 790 1066 vidimus,
832 1014 1028 1057 breviter
1080 1029 1416 1057 commemorare
1477 1015 1736 1057 curavimus.

335 1090 359 1108 “
393 1085 502 1137 Quae
535 1086 685 1125 utrum
716 1082 986 1139 negligentia
1015 1083 1270 1139 interpretis
1301 1072 1469 1135 omissa,
1502 1084 1573 1125 vel
1613 1084 1742 1125 aliter

335 1157 358 1176 ‘⁶
394 1153 523 1204 dieta,
566 1167 625 1194 an
675 1151 845 1193 incuria
895 1151 1174 1192 librariorum
1226 1151 1316 1193 sint
1360 1152 1613 1207 depravata,
1647 1152 1740 1193 sive

336 1228 357 1244 “
388 1220 553 1273 relicta,
595 1221 793 1262 nondum
836 1220 943 1261 scire
984 1219 1218 1276 potuimus.
1287 1219 1492 1275 Namque
1540 1219 1741 1262 Graecum

334 1294 356 1313 ‘⁴
390 1290 612 1346 exemplar
672 1288 803 1330 fuisse
875 1288 1092 1338 falsatum,
1162 1287 1371 1344 suspicari
1431 1303 1523 1330 non
1594 1289 1744 1331 audeo.

335 1365 357 1380 ‘⁴
390 1358 524 1400 Unde
566 1358 770 1400 lectorem
817 1357 1041 1409 admoneo,
1074 1360 1126 1398 ut
1171 1356 1264 1399 haee
1304 1356 1554 1412 ubieunque
1595 1357 1745 1399 feeeri-

335 1432 358 1449 “
390 1441 499 1479 anS,
521 1427 666 1483 gratia
698 1425 959 1468 eruditionis
989 1426 1119 1481 legat,
1143 1439 1233 1467 non
1263 1425 1311 1466 in
1343 1440 1420 1467 suo
1452 1429 1600 1468 tamen
1621 1426 1743 1468 volu-

336 1500 358 1518 “
392 1496 508 1537 mine
540 1496 664 1538 velut
695 1495 1005 1537 emendaturus
1036 1495 1281 1544 interserat,
1314 1494 1401 1535 nisi
1432 1493 1543 1536 forte
1579 1494 1669 1550 [ea]
1696 1494 1744 1536 in

337 1570 359 1586 “
393 1564 552 1605 Latino
605 1563 751 1605 codiee
802 1578 892 1605 suae
945 1562 1153 1604 editionis
1205 1562 1454 1617 antiquitus
1500 1563 1561 1604 sie
1607 1563 1744 1604 inter-

336 1636 358 1654 “
392 1635 565 1688 pretata
615 1631 834 1687 repererit.
912 1631 1030 1672 Nam
1084 1634 1130 1672 et
1181 1630 1483 1685 Hieronymus
1539 1631 1743 1686 pleraque

337 1705 359 1723 “
391 1700 646 1742 testimonia
688 1700 851 1741 veteris
894 1699 1189 1749 instrumenti,
1233 1702 1285 1740 ut
1319 1698 1539 1740 Hebrai'oa
1579 1699 1744 1740 veritas

337 1777 359 1794 “
392 1771 538 1823 habet,
572 1771 750 1822 edocet3
782 1785 861 1813 neo
894 1773 1043 1812 tamen
1084 1770 1177 1813 haeo
1223 1770 1288 1811 ita
1330 1770 1377 1810 in
1419 1769 1580 1811 nostris
1625 1770 1741 1811 codi-

336 1844 358 1861 “
391 1839 524 1889 cibus,
550 1842 629 1880 aut
662 1839 753 1895 ipse
785 1838 1079 1894 interpretari,
1114 1840 1193 1880 aut
1228 1852 1306 1880 nos
1340 1839 1568 1880 emendare
1589 1839 1740 1880 voluit.

393 1908 528 1949 Verbi
559 1908 715 1964 gratia,
741 1907 858 1948 Isaia
878 1906 1091 1948 xxxviii:
1130 1906 1257 1947 ‘Non
1289 1906 1495 1962 aspiciam
1523 1907 1744 1949 hominem

337 1982 359 1997 “
393 1980 402 1998 ‘
425 1977 554 2027 ultra,
609 1979 654 2018 et
706 1975 1005 2017 habitatorem
1066 1975 1227 2030 quietis
1289 1975 1456 2030 quievit
1518 1976 1743 2032 generatio

336 2051 358 2066 “
393 2051 402 2066 ‘
424 2060 521 2087 mea
540 2044 563 2096 3'
595 2047 639 2086 et
675 2044 750 2099 [Is.
772 2044 862 2100 xi.],
897 2043 1019 2085 ‘Erit
1049 2043 1325 2099 sepulchrum
1358 2044 1452 2099 ejus
1482 2043 1746 2100 gloriosum,’

337 2118 360 2136 “
393 2116 437 2155 et
472 2113 548 2169 [Is.
587 2113 730 2168 xxiv]
773 2112 841 2153 ‘A
877 2112 1039 2153 finibus
1082 2115 1210 2154 terrae
1255 2112 1405 2153 laudes
1452 2112 1702 2154 audivimus
1724 2113 1746 2165 ;'

338 2185 361 2203 “
394 2184 438 2223 et
473 2180 601 2236 [Gen.
633 2181 724 2237 iv.],
760 2184 769 2202 ‘
789 2180 943 2222 Omnis
986 2180 1062 2235 qui
1094 2180 1299 2222 occiderit
1339 2180 1462 2232 Cain,
1495 2182 1746 2237 septuplum

337 2256 358 2272 “
392 2256 401 2272 ‘
423 2249 632 2306 punietur
651 2248 674 2301 ;'
728 2248 946 2304 ‘Requies
999 2249 1091 2304 ejus
1142 2248 1330 2304 gloriosa
1349 2247 1373 2300 ;'
1425 2252 1481 2300 et,
1528 2248 1747 2291 ‘Habita-

337 2323 363 2343 “
396 2323 406 2340 ‘
428 2321 569 2360 torem
630 2317 800 2373 quietis,
854 2317 1078 2373 generatio
1134 2331 1231 2358 mea
1292 2317 1438 2358 ablata
1488 2320 1554 2359 est
1573 2319 1595 2369 ;’
1649 2332 1746 2372 quae

338 2391 361 2408 “
395 2386 455 2427 sio
507 2386 625 2441 apud
677 2385 890 2426 Hebraeos
942 2384 1094 2426 haberi
1145 2386 1348 2426 lectorem
1399 2385 1554 2434 voluit,
1603 2385 1746 2426 erudi-

339 2458 363 2475 “
394 2453 529 2495 tionis
591 2453 873 2501 solummodo,
926 2466 1017 2493 non
1078 2456 1225 2494 autem
1288 2452 1549 2494 emendandi
1601 2454 1745 2508 gratia

341 2527 362 2546 “
394 2520 556 2564 nosse.”
619 2520 728 2563 Haeo
758 2521 886 2562 Beda.
950 2521 1021 2561 Ex
1053 2520 1212 2575 quibus
1243 2521 1438 2575 sequitur
1470 2521 1586 2576 quod
1617 2521 1746 2563 aliter

340 2590 640 2646 Hieronymus
682 2589 822 2645 primo
866 2588 1104 2637 transtulit,
1144 2591 1189 2630 et
1231 2588 1360 2629 aliter
1400 2589 1604 2631 recitavit
1646 2604 1745 2632 cum

340 2659 542 2716 exposuit
573 2658 621 2700 in
664 2656 877 2713 originali,
911 2656 985 2699 ubi
1027 2656 1172 2713 potuit
1203 2656 1417 2713 copiosius
1461 2658 1512 2700 de
1558 2659 1745 2702 veritate

336 1912 361 1930 C(

773 2876 779 2893 ¹
798 2874 920 2919 Actus]
946 2875 1048 2909 Liber
1063 2875 1207 2909 Retract.
1226 2876 1315 2918 praef.
