1964 3259
761 240 875 271 oros
905 240 1061 271 MINUs.
1529 228 1614 274 367

214 354 314 395 sicci
366 357 410 396 et
460 355 633 396 humidi
683 355 732 396 in
783 355 984 411 potentia
1034 355 1091 396 ad
1141 356 1346 396 naturam
1398 355 1527 396 calidi
1569 358 1613 396 et

213 422 363 478 frigidi
380 439 390 474 3
421 424 533 465 sicut
564 438 717 479 corpus
750 426 815 464 est
846 423 893 463 in
923 423 1122 478 potentia
1144 423 1201 463 acl
1221 422 1426 474 animam,
1451 437 1530 464 nec
1560 424 1613 464 fit

215 506 302 532 una
344 492 527 532 materia
557 492 701 533 media
732 490 803 532 vel
840 491 984 531 mixta
1030 505 1084 532 ex
1130 491 1217 531 illis
1264 491 1443 532 duabus.
1528 490 1614 532 Sed

214 559 454 615 composita
485 559 597 601 sicut
628 573 682 600 ex
714 558 899 600 materia
942 561 986 599 et
1029 557 1179 608 forma,
1203 561 1254 599 ut
1297 574 1349 600 ex
1393 558 1540 600 anima
1571 562 1615 600 et

213 641 399 682 corpore,
431 641 520 668 non
551 627 604 668 fit
634 629 794 667 natura
831 626 975 667 media
1005 641 1083 681 per
1119 626 1395 678 mixtionem,
1429 627 1503 668 sed
1540 641 1615 682 per

213 695 419 737 unionem
451 698 496 736 et
527 695 883 750 compositionem
910 695 1158 735 naturalem
1181 709 1236 736 ex
1258 694 1429 736 duobus
1450 695 1613 750 primis,

214 777 399 817 quorum
442 777 580 803 unum
623 765 689 803 est
731 762 778 802 in
821 762 1022 817 potentia
1061 765 1256 817 respectu
1304 762 1493 804 alterius.
1555 763 1615 804 Et

213 836 279 873 est
311 832 644 888 intelligendum
677 832 793 888 quod
825 832 938 873 sicut
969 833 1016 873 in
1048 831 1264 874 elemento
1296 835 1400 873 sunt
1431 833 1615 873 materia

213 901 396 955 simplex
427 903 472 941 et
517 900 656 942 forma
703 900 896 956 simpleX‚
940 900 1006 941 ita
1048 901 1095 941 in
1142 900 1282 942 mixto
1325 904 1391 942 est
1432 901 1616 942 materia

213 968 355 1009 mixta
376 970 420 1009 et
452 967 591 1009 forma
621 967 772 1009 mixta.
836 968 896 1009 Et
926 983 953 1009 a
986 972 1109 1024 parte
1140 969 1372 1024 utriusque
1403 972 1507 1010 sunt
1527 969 1614 1011 illae

213 1036 312 1078 cluae
342 1039 515 1078 naturze
545 1036 711 1087 mediae,
744 1035 810 1077 ita
851 1035 968 1091 quod
1015 1036 1062 1077 in
1105 1037 1291 1078 materia
1336 1037 1477 1078 mixta
1511 1041 1614 1078 sunt

212 1104 310 1145 dure
341 1107 511 1146 naturae
541 1104 698 1146 mediae
729 1104 986 1153 materiales,
1010 1104 1085 1146 sed
1117 1119 1205 1145 una
1238 1108 1304 1146 est
1336 1105 1384 1146 in
1416 1105 1615 1160 potentia

213 1172 270 1213 ad
301 1172 441 1213 aliam.
505 1172 719 1214 Similiter
758 1186 785 1212 a
825 1175 948 1227 parte
979 1171 1131 1213 fornice
1171 1173 1323 1215 mixtae
1371 1177 1472 1214 sunt
1516 1173 1613 1215 duae

213 1240 458 1281 materiales
505 1239 676 1291 mediae,
709 1239 783 1280 sed
815 1253 903 1280 una
935 1242 1001 1281 est
1039 1239 1087 1280 in
1122 1241 1320 1295 potentia
1357 1241 1413 1281 ad
1455 1240 1612 1293 aliam3

213 1310 257 1349 et
299 1310 394 1349 tota
438 1308 633 1358 materia,
667 1322 764 1363 quae
806 1307 859 1348 fit
899 1323 987 1349 mia
1029 1311 1208 1363 propter
1238 1308 1331 1360 hoc,
1362 1309 1479 1363 quod
1526 1323 1613 1349 una

212 1379 371 1417 natura
403 1376 495 1431 ejus
526 1378 592 1417 est
623 1375 670 1416 in
702 1376 900 1430 potentia
932 1376 989 1416 ad
1020 1376 1164 1428 aliam,
1188 1376 1239 1417 fit
1260 1377 1306 1417 in
1327 1377 1525 1432 potentia
1556 1377 1611 1417 ad

211 1448 351 1485 totam
403 1444 588 1485 formam
640 1443 784 1484 mixti.
856 1443 915 1484 Et
968 1444 1028 1485 sic
1078 1447 1225 1499 potest
1275 1444 1370 1485 fieri
1421 1445 1611 1486 mixtum

212 1527 349 1552 unum
381 1527 437 1553 ex
468 1511 647 1561 (luobus,
673 1526 859 1566 quorum
880 1526 1017 1553 unum
1040 1515 1105 1552 est
1127 1513 1174 1552 in
1194 1512 1393 1567 potentia
1413 1512 1612 1563 alterius3

213 1584 258 1621 et
288 1580 368 1621 hoc
399 1579 557 1620 sufficit
589 1579 645 1620 ad
676 1579 895 1620 unitatem
926 1594 1071 1620 rerum
1108 1580 1457 1635 compositarum,
1502 1581 1614 1621 sicut

214 1649 474 1690 Aristoteles
517 1648 641 1689 docet
683 1647 730 1688 in
773 1647 959 1703 septimo
1008 1647 1419 1703 Metaphysicorum,
1472 1652 1516 1689 et
1567 1649 1613 1689 in

213 1716 308 1758 aliis
338 1716 454 1757 locis.
531 1715 575 1756 N
578 1730 648 1756 am
689 1716 737 1756 in
775 1715 959 1771 septimo
992 1716 1098 1757 dicit
1133 1717 1249 1771 quod
1281 1731 1336 1758 ex
1366 1717 1536 1758 duobus
1568 1717 1612 1757 in

215 1787 318 1825 actu
353 1799 443 1825 non
473 1783 526 1824 fit
556 1798 704 1833 unum,
738 1798 818 1825 nec
848 1798 903 1824 ex
927 1783 1096 1825 duobus
1127 1784 1175 1824 in
1206 1785 1415 1839 potentia,
1451 1785 1525 1825 sed
1559 1799 1614 1825 ex

215 1852 385 1893 duobus
432 1866 615 1906 quorum
656 1866 794 1892 unum
838 1855 903 1892 est
943 1851 991 1891 in
1033 1852 1234 1907 potentia
1275 1855 1473 1907 respectu
1508 1852 1614 1893 alte-

218 1921 337 1970 rius3
391 1923 441 1960 ut
485 1934 538 1959 ex
585 1919 732 1959 anima
779 1922 824 1960 et
875 1933 1075 1975 corpore3
1117 1922 1162 1960 et
1203 1920 1507 1961 universaliter
1557 1930 1612 1961 ex

213 1988 396 2028 materia
427 1991 471 2028 et
501 1986 648 2027 forma.

276 2122 373 2163 Hoc
418 2120 582 2171 habito,
628 2121 988 2162 considerandum
1030 2125 1095 2163 est
1142 2136 1238 2177 quae
1285 2122 1426 2163 mixta
1472 2123 1612 2178 primo
1632 2142 1811 2186 Theologi-

215 2189 331 2231 fiunt
382 2204 437 2230 ex
490 2189 725 2239 elementis,
781 2192 826 2231 et
867 2204 964 2245 quae
1015 2190 1298 2243 secundar103
1352 2205 1437 2245 quo
1483 2191 1612 2232 modo
1631 2188 1682 2218 0³¹
1699 2188 1822 2229 impor-

214 2260 359 2314 potest
378 2257 474 2298 fieri
504 2258 694 2299 mixtum
725 2258 780 2299 ad
812 2258 1120 2313 aequalitatem,
1145 2262 1189 2300 et
1210 2258 1397 2314 qualiter
1427 2273 1536 2310 non3
1569 2263 1613 2301 et
1631 2234 1835 2318 ἑᾞίξῗῑὲξὼθ

216 2326 465 2381 hujusmodi
490 2325 576 2366 alia
597 2330 854 2380 quaeruntur
875 2326 1056 2368 scienda.
1120 2326 1218 2369 Hoc
1239 2330 1304 2368 est
1324 2329 1612 2369 necessarium

214 2395 320 2436 scire
351 2397 527 2450 propter
565 2395 922 2450 compositionem
964 2395 1151 2451 corporis
1183 2395 1294 2437 Adae
1336 2399 1380 2437 et
1422 2396 1527 2438 Evae
1570 2400 1614 2438 et

211 2466 390 2518 propter
421 2463 587 2504 fructus
618 2463 832 2518 paradysi,
878 2478 933 2504 ex
965 2463 1123 2519 quibus
1165 2464 1472 2505 immortalitas
1503 2464 1614 2506 Adae

212 2531 427 2586 potuisset
458 2531 705 2573 continuari
736 2532 772 2572 si
793 2546 882 2573 non
902 2536 1118 2588 peccasset
1137 2548 1147 2584 3
1189 2536 1233 2574 et
1255 2532 1456 2574 similiter
1476 2533 1613 2574 totius

212 2599 433 2653 progeniei
484 2614 603 2651 suae3
667 2599 869 2641 similiter
918 2600 998 2641 hoc
1048 2601 1286 2642 necessario
1333 2600 1431 2641 sciri
1484 2601 1614 2641 debet

214 2669 390 2720 propter
419 2668 773 2709 resurrectionem
805 2670 850 2709 et
880 2667 1259 2709 immortalitatem
1290 2671 1382 2708 tam
1405 2667 1613 2708 damnan-

215 2733 370 2774 dorum
400 2748 531 2789 quam
561 2736 954 2790 glorificandorum.
1034 2736 1092 2777 Et
1123 2736 1179 2776 ad
1209 2735 1385 2776 infinita
1414 2735 1461 2779 in
1491 2735 1611 2777 theo-

214 2801 329 2858 logia
372 2805 416 2843 et
476 2803 748 2860 philosophia
795 2804 944 2845 valent
993 2803 1115 2855 hae03
1179 2803 1338 2859 quibus
1399 2803 1612 2860 ignoratis
