<?xml version="1.0" encoding="UTF-8"?>
<!DOCTYPE html PUBLIC "-//W3C//DTD XHTML 1.0 Transitional//EN"
    "http://www.w3.org/TR/xhtml1/DTD/xhtml1-transitional.dtd">
<html xmlns="http://www.w3.org/1999/xhtml" xml:lang="en" lang="en">
 <head>
  <title>
</title>
<meta http-equiv="Content-Type" content="text/html;charset=utf-8" />
  <meta name='ocr-system' content='tesseract 3.04.00' />
  <meta name='ocr-capabilities' content='ocr_page ocr_carea ocr_par ocr_line ocrx_word'/>
</head>
<body>
  <div class='ocr_page' id='page_1' title='image "./frrogeribaconope00baco_0158.png"; bbox 0 0 1964 3259; ppageno 0'>
   <div class='ocr_carea' id='block_1_1' title="bbox 372 262 1775 321">
    <p class='ocr_par' dir='ltr' id='par_1_1' title="bbox 372 262 1775 321">
     <span class='ocr_line' id='line_1_1' title="bbox 372 262 1775 321; baseline -0.002 -15"><span class='ocrx_word' id='word_1_1' title='bbox 372 266 429 306; x_wconf 74' lang='lat'>44</span> <span class='ocrx_word' id='word_1_2' title='bbox 859 272 1029 304; x_wconf 71' lang='lat' dir='ltr'>Roessm</span> <span class='ocrx_word' id='word_1_3' title='bbox 1061 271 1253 304; x_wconf 76' lang='lat' dir='ltr'>BAcoms</span> <span class='ocrx_word' id='word_1_4' title='bbox 1658 262 1775 321; x_wconf 83' lang='lat' dir='ltr'>[CAP.</span> 
     </span>
    </p>
   </div>
   <div class='ocr_carea' id='block_1_2' title="bbox 365 388 1780 1473">
    <p class='ocr_par' dir='ltr' id='par_1_2' title="bbox 365 388 1780 1473">
     <span class='ocr_line' id='line_1_2' title="bbox 372 388 1779 447; baseline 0 -15"><span class='ocrx_word' id='word_1_5' title='bbox 372 390 645 447; x_wconf 66' lang='lat' dir='ltr'>prolongatio</span> <span class='ocrx_word' id='word_1_6' title='bbox 677 390 782 433; x_wconf 83' lang='lat' dir='ltr'>vitae</span> <span class='ocrx_word' id='word_1_7' title='bbox 814 390 1029 442; x_wconf 61' lang='lat' dir='ltr'>humanae,</span> <span class='ocrx_word' id='word_1_8' title='bbox 1082 392 1127 432; x_wconf 88' lang='lat' dir='ltr'>et</span> <span class='ocrx_word' id='word_1_9' title='bbox 1172 389 1322 432; x_wconf 83' lang='lat' dir='ltr'>multae</span> <span class='ocrx_word' id='word_1_10' title='bbox 1355 388 1482 441; x_wconf 81' lang='lat' dir='ltr'>aliae;</span> <span class='ocrx_word' id='word_1_11' title='bbox 1533 403 1636 430; x_wconf 89' lang='lat' dir='ltr'>nam</span> <span class='ocrx_word' id='word_1_12' title='bbox 1688 388 1779 432; x_wconf 85' lang='lat' dir='ltr'>haee</span> 
     </span>
     <span class='ocr_line' id='line_1_3' title="bbox 372 457 1778 513; baseline -0.001 -12"><span class='ocrx_word' id='word_1_13' title='bbox 372 459 534 501; x_wconf 84' lang='lat' dir='ltr'>veritas</span> <span class='ocrx_word' id='word_1_14' title='bbox 586 462 651 501; x_wconf 89' lang='lat' dir='ltr'>est</span> <span class='ocrx_word' id='word_1_15' title='bbox 701 459 748 500; x_wconf 87' lang='lat' dir='ltr'>in</span> <span class='ocrx_word' id='word_1_16' title='bbox 793 458 996 500; x_wconf 88' lang='lat' dir='ltr'>terminis</span> <span class='ocrx_word' id='word_1_17' title='bbox 1026 457 1263 508; x_wconf 80' lang='lat' dir='ltr'>medicinae,</span> <span class='ocrx_word' id='word_1_18' title='bbox 1309 458 1385 499; x_wconf 88' lang='lat' dir='ltr'>sed</span> <span class='ocrx_word' id='word_1_19' title='bbox 1431 471 1657 513; x_wconf 86' lang='lat' dir='ltr'>nunquam</span> <span class='ocrx_word' id='word_1_20' title='bbox 1708 472 1778 499; x_wconf 87' lang='lat' dir='ltr'>ars</span> 
     </span>
     <span class='ocr_line' id='line_1_4' title="bbox 372 525 1779 576; baseline -0.001 -7"><span class='ocrx_word' id='word_1_21' title='bbox 372 527 599 570; x_wconf 70' lang='lat' dir='ltr'>medicinae</span> <span class='ocrx_word' id='word_1_22' title='bbox 662 541 706 568; x_wconf 94' lang='lat' dir='ltr'>se</span> <span class='ocrx_word' id='word_1_23' title='bbox 758 526 961 569; x_wconf 80' lang='lat' dir='ltr'>extendit</span> <span class='ocrx_word' id='word_1_24' title='bbox 1006 527 1063 568; x_wconf 85' lang='lat' dir='ltr'>ad</span> <span class='ocrx_word' id='word_1_25' title='bbox 1113 526 1224 568; x_wconf 83' lang='lat' dir='ltr'>hanc</span> <span class='ocrx_word' id='word_1_26' title='bbox 1290 525 1537 576; x_wconf 85' lang='lat' dir='ltr'>veritatem,</span> <span class='ocrx_word' id='word_1_27' title='bbox 1590 539 1670 567; x_wconf 84' lang='lat' dir='ltr'>nec</span> <span class='ocrx_word' id='word_1_28' title='bbox 1713 529 1779 567; x_wconf 88' lang='lat' dir='ltr'>est</span> 
     </span>
     <span class='ocr_line' id='line_1_5' title="bbox 372 593 1779 652; baseline -0.002 -15"><span class='ocrx_word' id='word_1_29' title='bbox 372 595 539 652; x_wconf 87' lang='lat' dir='ltr'>aliquid</span> <span class='ocrx_word' id='word_1_30' title='bbox 570 595 725 637; x_wconf 89' lang='lat' dir='ltr'>dehoc</span> <span class='ocrx_word' id='word_1_31' title='bbox 756 594 804 636; x_wconf 89' lang='lat' dir='ltr'>in</span> <span class='ocrx_word' id='word_1_32' title='bbox 831 593 955 637; x_wconf 85' lang='lat' dir='ltr'>libris</span> <span class='ocrx_word' id='word_1_33' title='bbox 986 594 1227 637; x_wconf 73' lang='lat' dir='ltr'>medicinae.</span> <span class='ocrx_word' id='word_1_34' title='bbox 1284 593 1372 636; x_wconf 85' lang='lat' dir='ltr'>Sed</span> <span class='ocrx_word' id='word_1_35' title='bbox 1405 593 1779 650; x_wconf 81' lang='lat' dir='ltr'>experimentator</span> 
     </span>
     <span class='ocr_line' id='line_1_6' title="bbox 371 662 1776 719; baseline -0.003 -13"><span class='ocrx_word' id='word_1_36' title='bbox 371 663 511 706; x_wconf 85' lang='lat' dir='ltr'>fidelis</span> <span class='ocrx_word' id='word_1_37' title='bbox 557 662 851 705; x_wconf 87' lang='lat' dir='ltr'>consideravit</span> <span class='ocrx_word' id='word_1_38' title='bbox 893 663 1098 719; x_wconf 88' lang='lat' dir='ltr'>aquilam,</span> <span class='ocrx_word' id='word_1_39' title='bbox 1130 666 1175 704; x_wconf 91' lang='lat' dir='ltr'>et</span> <span class='ocrx_word' id='word_1_40' title='bbox 1206 676 1394 712; x_wconf 88' lang='lat' dir='ltr'>cervum,</span> <span class='ocrx_word' id='word_1_41' title='bbox 1431 665 1477 704; x_wconf 94' lang='lat' dir='ltr'>et</span> <span class='ocrx_word' id='word_1_42' title='bbox 1519 664 1776 718; x_wconf 88' lang='lat' dir='ltr'>serpentem,</span> 
     </span>
     <span class='ocr_line' id='line_1_7' title="bbox 371 730 1779 789; baseline -0.001 -15"><span class='ocrx_word' id='word_1_43' title='bbox 371 735 416 774; x_wconf 88' lang='lat' dir='ltr'>et</span> <span class='ocrx_word' id='word_1_44' title='bbox 447 732 690 789; x_wconf 89' lang='lat' dir='ltr'>phoenicem</span> <span class='ocrx_word' id='word_1_45' title='bbox 743 734 787 773; x_wconf 89' lang='lat' dir='ltr'>et</span> <span class='ocrx_word' id='word_1_46' title='bbox 818 731 959 773; x_wconf 80' lang='lat' dir='ltr'>multa</span> <span class='ocrx_word' id='word_1_47' title='bbox 1002 731 1260 787; x_wconf 77' lang='lat' dir='ltr'>prolongare</span> <span class='ocrx_word' id='word_1_48' title='bbox 1310 730 1449 772; x_wconf 88' lang='lat' dir='ltr'>vitam</span> <span class='ocrx_word' id='word_1_49' title='bbox 1483 732 1528 772; x_wconf 94' lang='lat' dir='ltr'>et</span> <span class='ocrx_word' id='word_1_50' title='bbox 1568 743 1779 772; x_wconf 87' lang='lat' dir='ltr'>renovare</span> 
     </span>
     <span class='ocr_line' id='line_1_8' title="bbox 365 797 1778 856; baseline -0.003 -13"><span class='ocrx_word' id='word_1_51' title='bbox 365 800 661 856; x_wconf 86' lang='lat' dir='ltr'>juventutem,</span> <span class='ocrx_word' id='word_1_52' title='bbox 692 802 736 842; x_wconf 91' lang='lat' dir='ltr'>et</span> <span class='ocrx_word' id='word_1_53' title='bbox 767 799 848 841; x_wconf 85' lang='lat' dir='ltr'>scit</span> <span class='ocrx_word' id='word_1_54' title='bbox 879 799 997 855; x_wconf 88' lang='lat' dir='ltr'>quod</span> <span class='ocrx_word' id='word_1_55' title='bbox 1027 799 1120 841; x_wconf 81' lang='lat' dir='ltr'>haec</span> <span class='ocrx_word' id='word_1_56' title='bbox 1145 799 1308 841; x_wconf 88' lang='lat' dir='ltr'>dantur</span> <span class='ocrx_word' id='word_1_57' title='bbox 1336 797 1479 841; x_wconf 90' lang='lat' dir='ltr'>brutis</span> <span class='ocrx_word' id='word_1_58' title='bbox 1506 798 1563 839; x_wconf 87' lang='lat' dir='ltr'>ad</span> <span class='ocrx_word' id='word_1_59' title='bbox 1594 797 1778 840; x_wconf 88' lang='lat' dir='ltr'>instruc-</span> 
     </span>
     <span class='ocr_line' id='line_1_9' title="bbox 370 865 1778 924; baseline -0.002 -14"><span class='ocrx_word' id='word_1_60' title='bbox 370 869 536 911; x_wconf 89' lang='lat' dir='ltr'>tionem</span> <span class='ocrx_word' id='word_1_61' title='bbox 577 868 796 920; x_wconf 86' lang='lat' dir='ltr'>hominis3</span> <span class='ocrx_word' id='word_1_62' title='bbox 828 871 1007 924; x_wconf 88' lang='lat' dir='ltr'>propter</span> <span class='ocrx_word' id='word_1_63' title='bbox 1038 867 1155 922; x_wconf 90' lang='lat' dir='ltr'>quod</span> <span class='ocrx_word' id='word_1_64' title='bbox 1186 866 1456 923; x_wconf 80' lang='lat' dir='ltr'>excogitavit</span> <span class='ocrx_word' id='word_1_65' title='bbox 1486 865 1581 908; x_wconf 82' lang='lat' dir='ltr'>vias</span> <span class='ocrx_word' id='word_1_66' title='bbox 1611 865 1778 907; x_wconf 81' lang='lat' dir='ltr'>nobiles</span> 
     </span>
     <span class='ocr_line' id='line_1_10' title="bbox 370 933 1777 993; baseline -0.003 -14"><span class='ocrx_word' id='word_1_67' title='bbox 370 938 427 979; x_wconf 89' lang='lat' dir='ltr'>ad</span> <span class='ocrx_word' id='word_1_68' title='bbox 458 938 549 987; x_wconf 90' lang='lat' dir='ltr'>hoc,</span> <span class='ocrx_word' id='word_1_69' title='bbox 583 940 629 979; x_wconf 90' lang='lat' dir='ltr'>et</span> <span class='ocrx_word' id='word_1_70' title='bbox 652 936 787 993; x_wconf 84' lang='lat' dir='ltr'>jussit</span> <span class='ocrx_word' id='word_1_71' title='bbox 817 935 1012 978; x_wconf 82' lang='lat' dir='ltr'>alkimiae</span> <span class='ocrx_word' id='word_1_72' title='bbox 1043 935 1245 991; x_wconf 72' lang='lat' dir='ltr'>practicae</span> <span class='ocrx_word' id='word_1_73' title='bbox 1276 949 1522 992; x_wconf 71' lang='lat' dir='ltr'>praeparare</span> <span class='ocrx_word' id='word_1_74' title='bbox 1553 933 1593 976; x_wconf 92' lang='lat' dir='ltr'>ei</span> <span class='ocrx_word' id='word_1_75' title='bbox 1624 948 1777 990; x_wconf 87' lang='lat' dir='ltr'>corpus</span> 
     </span>
     <span class='ocr_line' id='line_1_11' title="bbox 370 1003 1779 1061; baseline -0.003 -14"><span class='ocrx_word' id='word_1_76' title='bbox 370 1006 548 1061; x_wconf 67' lang='lat' dir='ltr'>{equalis</span> <span class='ocrx_word' id='word_1_77' title='bbox 589 1003 917 1060; x_wconf 82' lang='lat' dir='ltr'>complexionis,</span> <span class='ocrx_word' id='word_1_78' title='bbox 963 1007 1016 1046; x_wconf 91' lang='lat' dir='ltr'>ut</span> <span class='ocrx_word' id='word_1_79' title='bbox 1058 1003 1129 1045; x_wconf 86' lang='lat' dir='ltr'>hic</span> <span class='ocrx_word' id='word_1_80' title='bbox 1173 1003 1549 1060; x_wconf 81' lang='lat' dir='ltr'>experimentator</span> <span class='ocrx_word' id='word_1_81' title='bbox 1582 1005 1779 1045; x_wconf 88' lang='lat' dir='ltr'>uteretur</span> 
     </span>
     <span class='ocr_line' id='line_1_12' title="bbox 370 1070 1779 1122; baseline -0.002 -7"><span class='ocrx_word' id='word_1_82' title='bbox 370 1088 430 1115; x_wconf 90' lang='lat' dir='ltr'>eo.</span> <span class='ocrx_word' id='word_1_83' title='bbox 494 1073 611 1114; x_wconf 87' lang='lat' dir='ltr'>Nam</span> <span class='ocrx_word' id='word_1_84' title='bbox 643 1072 736 1114; x_wconf 57' lang='lat' dir='ltr'>brec</span> <span class='ocrx_word' id='word_1_85' title='bbox 767 1072 948 1114; x_wconf 85' lang='lat' dir='ltr'>scientia</span> <span class='ocrx_word' id='word_1_86' title='bbox 991 1086 1035 1113; x_wconf 87' lang='lat' dir='ltr'>se</span> <span class='ocrx_word' id='word_1_87' title='bbox 1071 1071 1206 1114; x_wconf 84' lang='lat' dir='ltr'>habet</span> <span class='ocrx_word' id='word_1_88' title='bbox 1236 1072 1292 1114; x_wconf 89' lang='lat' dir='ltr'>ad</span> <span class='ocrx_word' id='word_1_89' title='bbox 1324 1085 1473 1113; x_wconf 87' lang='lat' dir='ltr'>omnes</span> <span class='ocrx_word' id='word_1_90' title='bbox 1504 1070 1623 1122; x_wconf 85' lang='lat' dir='ltr'>alias,</span> <span class='ocrx_word' id='word_1_91' title='bbox 1667 1070 1779 1112; x_wconf 87' lang='lat' dir='ltr'>sicut</span> 
     </span>
     <span class='ocr_line' id='line_1_13' title="bbox 370 1138 1777 1198; baseline -0.002 -15"><span class='ocrx_word' id='word_1_92' title='bbox 370 1141 604 1198; x_wconf 86' lang='lat' dir='ltr'>navigator</span> <span class='ocrx_word' id='word_1_93' title='bbox 633 1156 678 1183; x_wconf 90' lang='lat' dir='ltr'>se</span> <span class='ocrx_word' id='word_1_94' title='bbox 709 1140 843 1182; x_wconf 89' lang='lat' dir='ltr'>habet</span> <span class='ocrx_word' id='word_1_95' title='bbox 873 1139 934 1197; x_wconf 35' lang='lat' dir='ltr'>ad·</span> <span class='ocrx_word' id='word_1_96' title='bbox 962 1143 1339 1196; x_wconf 87' lang='lat' dir='ltr'>carpentatorem;</span> <span class='ocrx_word' id='word_1_97' title='bbox 1371 1139 1441 1182; x_wconf 90' lang='lat' dir='ltr'>cui</span> <span class='ocrx_word' id='word_1_98' title='bbox 1471 1138 1669 1196; x_wconf 72' lang='lat' dir='ltr'>praecipit</span> <span class='ocrx_word' id='word_1_99' title='bbox 1701 1153 1777 1180; x_wconf 90' lang='lat' dir='ltr'>na-</span> 
     </span>
     <span class='ocr_line' id='line_1_14' title="bbox 370 1207 1779 1266; baseline -0.003 -14"><span class='ocrx_word' id='word_1_100' title='bbox 370 1211 542 1266; x_wconf 85' lang='lat' dir='ltr'>vigator</span> <span class='ocrx_word' id='word_1_101' title='bbox 574 1213 623 1251; x_wconf 89' lang='lat' dir='ltr'>ut</span> <span class='ocrx_word' id='word_1_102' title='bbox 654 1209 787 1252; x_wconf 85' lang='lat' dir='ltr'>faciat</span> <span class='ocrx_word' id='word_1_103' title='bbox 808 1208 848 1250; x_wconf 91' lang='lat' dir='ltr'>ei</span> <span class='ocrx_word' id='word_1_104' title='bbox 869 1223 1039 1259; x_wconf 84' lang='lat' dir='ltr'>navem,</span> <span class='ocrx_word' id='word_1_105' title='bbox 1073 1223 1170 1263; x_wconf 83' lang='lat' dir='ltr'>quae</span> <span class='ocrx_word' id='word_1_106' title='bbox 1203 1208 1333 1250; x_wconf 90' lang='lat' dir='ltr'>debet</span> <span class='ocrx_word' id='word_1_107' title='bbox 1366 1207 1432 1250; x_wconf 86' lang='lat' dir='ltr'>uti</span> <span class='ocrx_word' id='word_1_108' title='bbox 1449 1224 1459 1260; x_wconf 80' lang='lat'>3</span> <span class='ocrx_word' id='word_1_109' title='bbox 1491 1211 1536 1250; x_wconf 82' lang='lat' dir='ltr'>et</span> <span class='ocrx_word' id='word_1_110' title='bbox 1567 1207 1680 1249; x_wconf 81' lang='lat' dir='ltr'>sicut</span> <span class='ocrx_word' id='word_1_111' title='bbox 1710 1222 1779 1248; x_wconf 83' lang='lat' dir='ltr'>ars</span> 
     </span>
     <span class='ocr_line' id='line_1_15' title="bbox 371 1275 1778 1334; baseline -0.002 -14"><span class='ocrx_word' id='word_1_112' title='bbox 371 1279 574 1320; x_wconf 84' lang='lat' dir='ltr'>militaris</span> <span class='ocrx_word' id='word_1_113' title='bbox 594 1277 792 1334; x_wconf 77' lang='lat' dir='ltr'>praecipit</span> <span class='ocrx_word' id='word_1_114' title='bbox 813 1276 960 1318; x_wconf 81' lang='lat' dir='ltr'>fabrili</span> <span class='ocrx_word' id='word_1_115' title='bbox 982 1280 1033 1318; x_wconf 93' lang='lat' dir='ltr'>ut</span> <span class='ocrx_word' id='word_1_116' title='bbox 1062 1276 1195 1318; x_wconf 85' lang='lat' dir='ltr'>faciat</span> <span class='ocrx_word' id='word_1_117' title='bbox 1223 1276 1264 1318; x_wconf 93' lang='lat' dir='ltr'>ei</span> <span class='ocrx_word' id='word_1_118' title='bbox 1295 1291 1427 1328; x_wconf 83' lang='lat' dir='ltr'>arma,</span> <span class='ocrx_word' id='word_1_119' title='bbox 1462 1275 1622 1331; x_wconf 83' lang='lat' dir='ltr'>quibus</span> <span class='ocrx_word' id='word_1_120' title='bbox 1651 1275 1778 1317; x_wconf 86' lang='lat' dir='ltr'>novit</span> 
     </span>
     <span class='ocr_line' id='line_1_16' title="bbox 370 1344 1778 1401; baseline -0.002 -12"><span class='ocrx_word' id='word_1_121' title='bbox 370 1348 439 1389; x_wconf 89' lang='lat' dir='ltr'>uti</span> <span class='ocrx_word' id='word_1_122' title='bbox 471 1347 606 1399; x_wconf 77' lang='lat' dir='ltr'>miles,</span> <span class='ocrx_word' id='word_1_123' title='bbox 639 1350 683 1388; x_wconf 87' lang='lat' dir='ltr'>et</span> <span class='ocrx_word' id='word_1_124' title='bbox 714 1361 803 1387; x_wconf 90' lang='lat' dir='ltr'>non</span> <span class='ocrx_word' id='word_1_125' title='bbox 834 1345 964 1387; x_wconf 84' lang='lat' dir='ltr'>faber.</span> <span class='ocrx_word' id='word_1_126' title='bbox 1028 1344 1088 1386; x_wconf 88' lang='lat' dir='ltr'>Et</span> <span class='ocrx_word' id='word_1_127' title='bbox 1119 1345 1230 1386; x_wconf 85' lang='lat' dir='ltr'>hanc</span> <span class='ocrx_word' id='word_1_128' title='bbox 1261 1344 1640 1401; x_wconf 69' lang='lat' dir='ltr'>prolongationem</span> <span class='ocrx_word' id='word_1_129' title='bbox 1670 1344 1778 1386; x_wconf 72' lang='lat' dir='ltr'>vitae</span> 
     </span>
     <span class='ocr_line' id='line_1_17' title="bbox 370 1412 1780 1473; baseline -0.004 -15"><span class='ocrx_word' id='word_1_130' title='bbox 370 1430 606 1473; x_wconf 83' lang='lat' dir='ltr'>prosequor</span> <span class='ocrx_word' id='word_1_131' title='bbox 626 1414 674 1456; x_wconf 93' lang='lat' dir='ltr'>in</span> <span class='ocrx_word' id='word_1_132' title='bbox 694 1417 886 1457; x_wconf 87' lang='lat' dir='ltr'>tractatu</span> <span class='ocrx_word' id='word_1_133' title='bbox 912 1413 1040 1456; x_wconf 84' lang='lat' dir='ltr'>istius</span> <span class='ocrx_word' id='word_1_134' title='bbox 1070 1412 1277 1464; x_wconf 75' lang='lat' dir='ltr'>scientiae,</span> <span class='ocrx_word' id='word_1_135' title='bbox 1309 1427 1408 1455; x_wconf 88' lang='lat' dir='ltr'>cum</span> <span class='ocrx_word' id='word_1_136' title='bbox 1439 1412 1536 1455; x_wconf 81' lang='lat' dir='ltr'>aliis</span> <span class='ocrx_word' id='word_1_137' title='bbox 1568 1412 1780 1469; x_wconf 84' lang='lat' dir='ltr'>exemplis</span> 
     </span>
    </p>
   </div>
   <div class='ocr_carea' id='block_1_3' title="bbox 144 1485 1774 1692">
    <p class='ocr_par' dir='ltr' id='par_1_3' title="bbox 144 1485 1774 1692">
     <span class='ocr_line' id='line_1_18' title="bbox 371 1485 640 1541; baseline -0.004 -15"><span class='ocrx_word' id='word_1_138' title='bbox 371 1485 640 1541; x_wconf 85' lang='lat' dir='ltr'>quibusdam.</span> 
     </span>
     <span class='ocr_line' id='line_1_19' title="bbox 144 1546 1771 1609; baseline 0.001 -19"><span class='ocrx_word' id='word_1_139' title='bbox 144 1558 203 1609; x_wconf 55' lang='lat' dir='ltr'>All</span> <span class='ocrx_word' id='word_1_140' title='bbox 219 1559 313 1592; x_wconf 81' lang='lat' dir='ltr'>other</span> <span class='ocrx_word' id='word_1_141' title='bbox 431 1552 580 1595; x_wconf 87' lang='lat' dir='ltr'>Tertia</span> <span class='ocrx_word' id='word_1_142' title='bbox 620 1565 724 1593; x_wconf 90' lang='lat' dir='ltr'>vero</span> <span class='ocrx_word' id='word_1_143' title='bbox 767 1550 962 1606; x_wconf 85' lang='lat' dir='ltr'>dignitas</span> <span class='ocrx_word' id='word_1_144' title='bbox 994 1550 1124 1592; x_wconf 88' lang='lat' dir='ltr'>istius</span> <span class='ocrx_word' id='word_1_145' title='bbox 1155 1549 1352 1592; x_wconf 72' lang='lat' dir='ltr'>scientiae</span> <span class='ocrx_word' id='word_1_146' title='bbox 1394 1553 1471 1601; x_wconf 83' lang='lat' dir='ltr'>est,</span> <span class='ocrx_word' id='word_1_147' title='bbox 1506 1548 1622 1605; x_wconf 87' lang='lat' dir='ltr'>quod</span> <span class='ocrx_word' id='word_1_148' title='bbox 1664 1546 1771 1591; x_wconf 89' lang='lat' dir='ltr'>non&#39;</span> 
     </span>
     <span class='ocr_line' id='line_1_20' title="bbox 144 1614 1774 1692; baseline -0.003 -30"><span class='ocrx_word' id='word_1_149' title='bbox 144 1614 306 1692; x_wconf 50' lang='grc' dir='ltr'>ξῖξιῗῗξξγ</span> <span class='ocrx_word' id='word_1_150' title='bbox 319 1654 353 1682; x_wconf 84' lang='lat' dir='ltr'>to</span> <span class='ocrx_word' id='word_1_151' title='bbox 370 1621 525 1677; x_wconf 81' lang='lat' dir='ltr'>recipit</span> <span class='ocrx_word' id='word_1_152' title='bbox 568 1619 779 1662; x_wconf 85' lang='lat' dir='ltr'>veritates</span> <span class='ocrx_word' id='word_1_153' title='bbox 815 1619 863 1660; x_wconf 88' lang='lat' dir='ltr'>in</span> <span class='ocrx_word' id='word_1_154' title='bbox 895 1618 1096 1660; x_wconf 87' lang='lat' dir='ltr'>terminis</span> <span class='ocrx_word' id='word_1_155' title='bbox 1140 1618 1327 1659; x_wconf 88' lang='lat' dir='ltr'>aliarum</span> <span class='ocrx_word' id='word_1_156' title='bbox 1369 1617 1663 1668; x_wconf 75' lang='lat' dir='ltr'>scientiarum,</span> <span class='ocrx_word' id='word_1_157' title='bbox 1697 1617 1774 1658; x_wconf 89' lang='lat' dir='ltr'>sed</span> 
     </span>
    </p>
   </div>
   <div class='ocr_carea' id='block_1_4' title="bbox 144 1684 1777 2554">
    <p class='ocr_par' dir='ltr' id='par_1_4' title="bbox 144 1684 1777 2554">
     <span class='ocr_line' id='line_1_21' title="bbox 144 1684 1777 1740; baseline -0.004 -8"><span class='ocrx_word' id='word_1_158' title='bbox 144 1693 220 1725; x_wconf 82' lang='lat' dir='ltr'>this.</span> <span class='ocrx_word' id='word_1_159' title='bbox 369 1694 517 1732; x_wconf 83' lang='lat' dir='ltr'>tamen</span> <span class='ocrx_word' id='word_1_160' title='bbox 568 1688 709 1730; x_wconf 89' lang='lat' dir='ltr'>utitur</span> <span class='ocrx_word' id='word_1_161' title='bbox 760 1686 822 1728; x_wconf 85' lang='lat' dir='ltr'>eis</span> <span class='ocrx_word' id='word_1_162' title='bbox 873 1687 987 1728; x_wconf 89' lang='lat' dir='ltr'>sicut</span> <span class='ocrx_word' id='word_1_163' title='bbox 1032 1685 1212 1727; x_wconf 87' lang='lat' dir='ltr'>ancillis.</span> <span class='ocrx_word' id='word_1_164' title='bbox 1287 1685 1348 1726; x_wconf 90' lang='lat' dir='ltr'>Et</span> <span class='ocrx_word' id='word_1_165' title='bbox 1379 1685 1471 1727; x_wconf 76' lang='lat' dir='ltr'>haec</span> <span class='ocrx_word' id='word_1_166' title='bbox 1502 1700 1601 1740; x_wconf 83' lang='lat' dir='ltr'>pars</span> <span class='ocrx_word' id='word_1_167' title='bbox 1646 1684 1777 1740; x_wconf 88' lang='lat' dir='ltr'>hujus</span> 
     </span>
     <span class='ocr_line' id='line_1_22' title="bbox 368 1752 1776 1810; baseline -0.004 -10"><span class='ocrx_word' id='word_1_168' title='bbox 368 1757 562 1801; x_wconf 76' lang='lat' dir='ltr'>scientiae</span> <span class='ocrx_word' id='word_1_169' title='bbox 615 1755 819 1798; x_wconf 85' lang='lat' dir='ltr'>extendit</span> <span class='ocrx_word' id='word_1_170' title='bbox 869 1770 914 1796; x_wconf 91' lang='lat' dir='ltr'>se</span> <span class='ocrx_word' id='word_1_171' title='bbox 965 1754 1021 1795; x_wconf 88' lang='lat' dir='ltr'>ad</span> <span class='ocrx_word' id='word_1_172' title='bbox 1068 1753 1364 1810; x_wconf 83' lang='lat' dir='ltr'>cognitionem</span> <span class='ocrx_word' id='word_1_173' title='bbox 1415 1752 1678 1804; x_wconf 86' lang='lat' dir='ltr'>futurorum,</span> <span class='ocrx_word' id='word_1_174' title='bbox 1731 1757 1776 1795; x_wconf 90' lang='lat' dir='ltr'>et</span> 
     </span>
     <span class='ocr_line' id='line_1_23' title="bbox 368 1820 1775 1882; baseline -0.004 -14"><span class='ocrx_word' id='word_1_175' title='bbox 368 1827 424 1868; x_wconf 88' lang='lat' dir='ltr'>ad</span> <span class='ocrx_word' id='word_1_176' title='bbox 471 1825 767 1882; x_wconf 85' lang='lat' dir='ltr'>operationem</span> <span class='ocrx_word' id='word_1_177' title='bbox 810 1822 1078 1864; x_wconf 87' lang='lat' dir='ltr'>mirabilium</span> <span class='ocrx_word' id='word_1_178' title='bbox 1126 1836 1306 1877; x_wconf 89' lang='lat' dir='ltr'>operum</span> <span class='ocrx_word' id='word_1_179' title='bbox 1354 1824 1524 1864; x_wconf 84' lang='lat' dir='ltr'>naturae</span> <span class='ocrx_word' id='word_1_180' title='bbox 1567 1824 1612 1863; x_wconf 91' lang='lat' dir='ltr'>et</span> <span class='ocrx_word' id='word_1_181' title='bbox 1655 1820 1775 1863; x_wconf 82' lang='lat' dir='ltr'>artis.</span> 
     </span>
     <span class='ocr_line' id='line_1_24' title="bbox 369 1888 1774 1947; baseline -0.004 -11"><span class='ocrx_word' id='word_1_182' title='bbox 369 1894 436 1936; x_wconf 93' lang='lat' dir='ltr'>De</span> <span class='ocrx_word' id='word_1_183' title='bbox 487 1893 567 1935; x_wconf 86' lang='lat' dir='ltr'>hac</span> <span class='ocrx_word' id='word_1_184' title='bbox 613 1892 729 1934; x_wconf 88' lang='lat' dir='ltr'>enim</span> <span class='ocrx_word' id='word_1_185' title='bbox 781 1890 1030 1947; x_wconf 87' lang='lat' dir='ltr'>cognitione</span> <span class='ocrx_word' id='word_1_186' title='bbox 1083 1890 1193 1931; x_wconf 84' lang='lat' dir='ltr'>dicit</span> <span class='ocrx_word' id='word_1_187' title='bbox 1244 1889 1508 1932; x_wconf 69' lang='lat' dir='ltr'>Ptolemaeus</span> <span class='ocrx_word' id='word_1_188' title='bbox 1560 1888 1608 1930; x_wconf 91' lang='lat' dir='ltr'>in</span> <span class='ocrx_word' id='word_1_189' title='bbox 1660 1889 1774 1931; x_wconf 84' lang='lat' dir='ltr'>libro</span> 
     </span>
     <span class='ocr_line' id='line_1_25' title="bbox 369 1956 1776 2017; baseline -0.004 -13"><span class='ocrx_word' id='word_1_190' title='bbox 369 1963 423 2004; x_wconf 92' lang='lat' dir='ltr'>de</span> <span class='ocrx_word' id='word_1_191' title='bbox 468 1960 766 2017; x_wconf 90' lang='lat' dir='ltr'>Dispositione</span> <span class='ocrx_word' id='word_1_192' title='bbox 819 1959 1012 2015; x_wconf 82' lang='lat' dir='ltr'>Sphaerae</span> <span class='ocrx_word' id='word_1_193' title='bbox 1030 1957 1066 2000; x_wconf 81' lang='lat'>:2</span> <span class='ocrx_word' id='word_1_194' title='bbox 1113 1957 1271 1999; x_wconf 85' lang='lat' dir='ltr'>certior</span> <span class='ocrx_word' id='word_1_195' title='bbox 1316 1960 1383 1999; x_wconf 91' lang='lat' dir='ltr'>est</span> <span class='ocrx_word' id='word_1_196' title='bbox 1435 1956 1512 1998; x_wconf 89' lang='lat' dir='ltr'>via</span> <span class='ocrx_word' id='word_1_197' title='bbox 1547 1956 1776 2012; x_wconf 84' lang='lat' dir='ltr'>judicandi</span> 
     </span>
     <span class='ocr_line' id='line_1_26' title="bbox 368 2025 1775 2085; baseline -0.004 -12"><span class='ocrx_word' id='word_1_198' title='bbox 368 2032 420 2073; x_wconf 91' lang='lat' dir='ltr'>de</span> <span class='ocrx_word' id='word_1_199' title='bbox 451 2030 610 2073; x_wconf 85' lang='lat' dir='ltr'>futuris</span> <span class='ocrx_word' id='word_1_200' title='bbox 643 2043 774 2085; x_wconf 89' lang='lat' dir='ltr'>quam</span> <span class='ocrx_word' id='word_1_201' title='bbox 806 2043 882 2084; x_wconf 88' lang='lat' dir='ltr'>per</span> <span class='ocrx_word' id='word_1_202' title='bbox 923 2026 1236 2069; x_wconf 83' lang='lat' dir='ltr'>astronomiam</span> <span class='ocrx_word' id='word_1_203' title='bbox 1253 2041 1264 2078; x_wconf 83' lang='lat'><em>3</em></span> <span class='ocrx_word' id='word_1_204' title='bbox 1306 2028 1351 2067; x_wconf 88' lang='lat' dir='ltr'>et</span> <span class='ocrx_word' id='word_1_205' title='bbox 1382 2025 1463 2068; x_wconf 88' lang='lat' dir='ltr'>hoc</span> <span class='ocrx_word' id='word_1_206' title='bbox 1494 2028 1561 2067; x_wconf 86' lang='lat' dir='ltr'>est</span> <span class='ocrx_word' id='word_1_207' title='bbox 1591 2040 1668 2081; x_wconf 88' lang='lat' dir='ltr'>per</span> <span class='ocrx_word' id='word_1_208' title='bbox 1699 2040 1775 2068; x_wconf 82' lang='lat' dir='ltr'>ex-</span> 
     </span>
     <span class='ocr_line' id='line_1_27' title="bbox 367 2093 1775 2155; baseline -0.002 -16"><span class='ocrx_word' id='word_1_209' title='bbox 367 2098 639 2155; x_wconf 80' lang='lat' dir='ltr'>perientiam,</span> <span class='ocrx_word' id='word_1_210' title='bbox 671 2110 799 2152; x_wconf 84' lang='lat' dir='ltr'>super</span> <span class='ocrx_word' id='word_1_211' title='bbox 831 2109 962 2150; x_wconf 88' lang='lat' dir='ltr'>quam</span> <span class='ocrx_word' id='word_1_212' title='bbox 984 2094 1244 2136; x_wconf 83' lang='lat' dir='ltr'>Aristoteles</span> <span class='ocrx_word' id='word_1_213' title='bbox 1265 2093 1425 2136; x_wconf 87' lang='lat' dir='ltr'>nobilis</span> <span class='ocrx_word' id='word_1_214' title='bbox 1455 2093 1666 2136; x_wconf 88' lang='lat' dir='ltr'>fundatus</span> <span class='ocrx_word' id='word_1_215' title='bbox 1697 2097 1775 2144; x_wconf 88' lang='lat' dir='ltr'>est,</span> 
     </span>
     <span class='ocr_line' id='line_1_28' title="bbox 367 2161 1774 2219; baseline -0.004 -10"><span class='ocrx_word' id='word_1_216' title='bbox 367 2171 413 2210; x_wconf 89' lang='lat' dir='ltr'>et</span> <span class='ocrx_word' id='word_1_217' title='bbox 443 2167 584 2209; x_wconf 88' lang='lat' dir='ltr'>multa</span> <span class='ocrx_word' id='word_1_218' title='bbox 620 2165 753 2207; x_wconf 85' lang='lat' dir='ltr'>turba</span> <span class='ocrx_word' id='word_1_219' title='bbox 788 2164 984 2206; x_wconf 87' lang='lat' dir='ltr'>fidelium</span> <span class='ocrx_word' id='word_1_220' title='bbox 1028 2162 1396 2219; x_wconf 87' lang='lat' dir='ltr'>philosophorum,</span> <span class='ocrx_word' id='word_1_221' title='bbox 1429 2164 1475 2203; x_wconf 91' lang='lat' dir='ltr'>et</span> <span class='ocrx_word' id='word_1_222' title='bbox 1505 2161 1672 2203; x_wconf 88' lang='lat' dir='ltr'>domini</span> <span class='ocrx_word' id='word_1_223' title='bbox 1702 2162 1774 2217; x_wconf 87' lang='lat' dir='ltr'>ju-</span> 
     </span>
     <span class='ocr_line' id='line_1_29' title="bbox 367 2229 1775 2286; baseline -0.004 -9"><span class='ocrx_word' id='word_1_224' title='bbox 367 2236 577 2278; x_wconf 82' lang='lat' dir='ltr'>diciorum</span> <span class='ocrx_word' id='word_1_225' title='bbox 610 2237 837 2275; x_wconf 86' lang='lat' dir='ltr'>astrorum.</span> <span class='ocrx_word' id='word_1_226' title='bbox 900 2232 961 2274; x_wconf 90' lang='lat' dir='ltr'>Et</span> <span class='ocrx_word' id='word_1_227' title='bbox 981 2231 1115 2273; x_wconf 88' lang='lat' dir='ltr'>habet</span> <span class='ocrx_word' id='word_1_228' title='bbox 1137 2234 1327 2286; x_wconf 88' lang='lat' dir='ltr'>quatuor</span> <span class='ocrx_word' id='word_1_229' title='bbox 1356 2229 1558 2272; x_wconf 85' lang='lat' dir='ltr'>scientias</span> <span class='ocrx_word' id='word_1_230' title='bbox 1579 2231 1775 2285; x_wconf 85' lang='lat' dir='ltr'>proprias</span> 
     </span>
     <span class='ocr_line' id='line_1_30' title="bbox 368 2297 1773 2359; baseline -0.004 -14"><span class='ocrx_word' id='word_1_231' title='bbox 368 2307 412 2346; x_wconf 92' lang='lat' dir='ltr'>et</span> <span class='ocrx_word' id='word_1_232' title='bbox 443 2301 647 2359; x_wconf 78' lang='lat' dir='ltr'>magnas3</span> <span class='ocrx_word' id='word_1_233' title='bbox 668 2302 722 2343; x_wconf 88' lang='lat' dir='ltr'>de</span> <span class='ocrx_word' id='word_1_234' title='bbox 742 2301 829 2343; x_wconf 84' lang='lat' dir='ltr'>ista</span> <span class='ocrx_word' id='word_1_235' title='bbox 860 2299 1117 2356; x_wconf 87' lang='lat' dir='ltr'>cognitione.</span> <span class='ocrx_word' id='word_1_236' title='bbox 1172 2298 1342 2340; x_wconf 90' lang='lat' dir='ltr'>Deinde</span> <span class='ocrx_word' id='word_1_237' title='bbox 1363 2297 1410 2339; x_wconf 90' lang='lat' dir='ltr'>in</span> <span class='ocrx_word' id='word_1_238' title='bbox 1431 2298 1618 2339; x_wconf 85' lang='lat' dir='ltr'>secunda</span> <span class='ocrx_word' id='word_1_239' title='bbox 1649 2301 1773 2353; x_wconf 86' lang='lat' dir='ltr'>parte</span> 
     </span>
     <span class='ocr_line' id='line_1_31' title="bbox 368 2365 1770 2426; baseline -0.004 -13"><span class='ocrx_word' id='word_1_240' title='bbox 368 2373 494 2413; x_wconf 87' lang='lat' dir='ltr'>docet</span> <span class='ocrx_word' id='word_1_241' title='bbox 525 2369 816 2426; x_wconf 82' lang='lat' dir='ltr'>experientias</span> <span class='ocrx_word' id='word_1_242' title='bbox 858 2368 996 2410; x_wconf 89' lang='lat' dir='ltr'>totius</span> <span class='ocrx_word' id='word_1_243' title='bbox 1040 2366 1345 2423; x_wconf 85' lang='lat' dir='ltr'>possibilitatis</span> <span class='ocrx_word' id='word_1_244' title='bbox 1377 2368 1546 2407; x_wconf 81' lang='lat' dir='ltr'>naturae</span> <span class='ocrx_word' id='word_1_245' title='bbox 1577 2368 1621 2407; x_wconf 90' lang='lat' dir='ltr'>et</span> <span class='ocrx_word' id='word_1_246' title='bbox 1652 2365 1770 2408; x_wconf 85' lang='lat' dir='ltr'>artis.</span> 
     </span>
     <span class='ocr_line' id='line_1_32' title="bbox 368 2433 1772 2494; baseline -0.005 -13"><span class='ocrx_word' id='word_1_247' title='bbox 368 2440 428 2481; x_wconf 90' lang='lat' dir='ltr'>Et</span> <span class='ocrx_word' id='word_1_248' title='bbox 461 2439 572 2480; x_wconf 86' lang='lat' dir='ltr'>sicut</span> <span class='ocrx_word' id='word_1_249' title='bbox 603 2437 743 2494; x_wconf 86' lang='lat' dir='ltr'>logica</span> <span class='ocrx_word' id='word_1_250' title='bbox 786 2437 913 2477; x_wconf 89' lang='lat' dir='ltr'>docet</span> <span class='ocrx_word' id='word_1_251' title='bbox 946 2435 1233 2491; x_wconf 88' lang='lat' dir='ltr'>proprietates</span> <span class='ocrx_word' id='word_1_252' title='bbox 1271 2433 1494 2490; x_wconf 79' lang='lat' dir='ltr'>sophistici</span> <span class='ocrx_word' id='word_1_253' title='bbox 1525 2433 1772 2489; x_wconf 80' lang='lat' dir='ltr'>argumenti</span> 
     </span>
     <span class='ocr_line' id='line_1_33' title="bbox 368 2501 1772 2554; baseline -0.003 -6"><span class='ocrx_word' id='word_1_254' title='bbox 368 2511 419 2549; x_wconf 89' lang='lat' dir='ltr'>ut</span> <span class='ocrx_word' id='word_1_255' title='bbox 465 2506 675 2554; x_wconf 86' lang='lat' dir='ltr'>vitentur,</span> <span class='ocrx_word' id='word_1_256' title='bbox 729 2504 789 2545; x_wconf 88' lang='lat' dir='ltr'>sic</span> <span class='ocrx_word' id='word_1_257' title='bbox 840 2503 932 2546; x_wconf 70' lang='lat' dir='ltr'>haec</span> <span class='ocrx_word' id='word_1_258' title='bbox 983 2502 1165 2545; x_wconf 86' lang='lat' dir='ltr'>scientia</span> <span class='ocrx_word' id='word_1_259' title='bbox 1216 2501 1406 2544; x_wconf 83' lang='lat' dir='ltr'>revolvit</span> <span class='ocrx_word' id='word_1_260' title='bbox 1458 2516 1605 2544; x_wconf 87' lang='lat' dir='ltr'>omnes</span> <span class='ocrx_word' id='word_1_261' title='bbox 1657 2505 1772 2544; x_wconf 83' lang='lat' dir='ltr'>artes</span> 
     </span>
    </p>
   </div>
   <div class='ocr_carea' id='block_1_5' title="bbox 411 2772 1474 2928">
    <p class='ocr_par' dir='ltr' id='par_1_5' title="bbox 411 2772 1474 2928">
     <span class='ocr_line' id='line_1_34' title="bbox 414 2772 1241 2820; baseline -0.01 -9"><span class='ocrx_word' id='word_1_262' title='bbox 414 2778 524 2820; x_wconf 80' lang='lat' dir='ltr'>&#39;quod</span> <span class='ocrx_word' id='word_1_263' title='bbox 545 2777 624 2820; x_wconf 85' lang='lat' dir='ltr'>non]</span> <span class='ocrx_word' id='word_1_264' title='bbox 652 2777 691 2810; x_wconf 89' lang='grc' dir='ltr'>Τ.</span> <span class='ocrx_word' id='word_1_265' title='bbox 721 2775 819 2808; x_wconf 85' lang='lat' dir='ltr'>omits</span> <span class='ocrx_word' id='word_1_266' title='bbox 844 2786 926 2812; x_wconf 83' lang='lat' dir='ltr'>non,-</span> <span class='ocrx_word' id='word_1_267' title='bbox 950 2784 1022 2816; x_wconf 80' lang='lat' dir='ltr'>quae</span> <span class='ocrx_word' id='word_1_268' title='bbox 1039 2783 1116 2812; x_wconf 88' lang='lat' dir='ltr'>non,</span> <span class='ocrx_word' id='word_1_269' title='bbox 1139 2773 1178 2804; x_wconf 92' lang='lat' dir='ltr'>B.</span> <span class='ocrx_word' id='word_1_270' title='bbox 1203 2772 1241 2803; x_wconf 92' lang='lat' dir='ltr'>L.</span> 
     </span>
     <span class='ocr_line' id='line_1_35' title="bbox 411 2823 1474 2873; baseline -0.008 -10"><span class='ocrx_word' id='word_1_271' title='bbox 411 2834 423 2851; x_wconf 73' lang='lat'><strong>2</strong></span> <span class='ocrx_word' id='word_1_272' title='bbox 439 2832 476 2863; x_wconf 77' lang='lat' dir='ltr'>dc</span> <span class='ocrx_word' id='word_1_273' title='bbox 502 2830 725 2873; x_wconf 75' lang='lat' dir='ltr'>Dispositione</span> <span class='ocrx_word' id='word_1_274' title='bbox 756 2827 916 2870; x_wconf 74' lang='lat' dir='ltr'>Splzaerae]</span> <span class='ocrx_word' id='word_1_275' title='bbox 947 2828 987 2858; x_wconf 88' lang='lat' dir='ltr'>de</span> <span class='ocrx_word' id='word_1_276' title='bbox 1012 2826 1158 2868; x_wconf 85' lang='lat' dir='ltr'>Sphaerae</span> <span class='ocrx_word' id='word_1_277' title='bbox 1174 2823 1410 2865; x_wconf 80' lang='lat' dir='ltr'>Dispositione,</span> <span class='ocrx_word' id='word_1_278' title='bbox 1435 2824 1474 2856; x_wconf 78' lang='lat' dir='ltr'>T.</span> 
     </span>
     <span class='ocr_line' id='line_1_36' title="bbox 412 2877 1279 2928; baseline -0.008 -12"><span class='ocrx_word' id='word_1_279' title='bbox 412 2885 424 2905; x_wconf 82' lang='lat'>³</span> <span class='ocrx_word' id='word_1_280' title='bbox 437 2884 590 2928; x_wconf 77' lang='lat' dir='ltr'>proprias</span> <span class='ocrx_word' id='word_1_281' title='bbox 612 2887 641 2916; x_wconf 81' lang='lat' dir='ltr'>ee</span> <span class='ocrx_word' id='word_1_282' title='bbox 665 2881 815 2924; x_wconf 71' lang='lat' dir='ltr'>maynas]</span> <span class='ocrx_word' id='word_1_283' title='bbox 842 2890 979 2923; x_wconf 84' lang='lat' dir='ltr'>magnas</span> <span class='ocrx_word' id='word_1_284' title='bbox 1003 2884 1035 2912; x_wconf 77' lang='lat' dir='ltr'>et</span> <span class='ocrx_word' id='word_1_285' title='bbox 1058 2877 1216 2921; x_wconf 82' lang='lat' dir='ltr'>proprias,</span> <span class='ocrx_word' id='word_1_286' title='bbox 1241 2877 1279 2910; x_wconf 90' lang='lat' dir='ltr'>T.</span> 
     </span>
    </p>
   </div>
  </div>
 </body>
</html>
