1964 3259
367 249 453 289 484
865 259 1035 291 nocam
1068 259 1263 291 BAcoms
1661 250 1780 306 [cAP.

367 378 412 416 et
443 374 768 430 cl1i1·ogrillum;
799 377 843 416 et
873 375 921 416 in
953 375 1140 431 epistola
1181 376 1235 417 de
1277 375 1541 417 correctione
1582 376 1784 418 Psalterii

367 443 475 484 dicit
517 443 634 498 quod
675 443 786 485 illud
827 445 1089 485 vocabulum
1138 443 1320 499 saphan
1360 443 1579 499 significat
1620 444 1782 485 animal

369 511 589 566 quoddam
621 511 759 553 simile
790 526 890 553 urso
923 515 967 554 et
1003 512 1129 563 muri,
1164 513 1280 568 quod
1322 512 1519 553 abundat
1560 512 1607 553 in
1638 512 1783 554 Pales-

370 579 472 628 tine,
507 583 552 620 et
582 583 763 620 vocatur
794 584 1003 635 (ortomya
1049 580 1105 621 ab
1137 585 1271 633 (artos,
1303 580 1419 636 quod
1465 584 1531 622 est
1573 595 1710 632 ursus,
1743 584 1788 621 et

372 661 483 702 mys,
518 647 632 702 quod
666 651 732 688 est
763 662 871 689 mus.
934 648 1047 690 Cum
1090 649 1228 705 igitur
1259 648 1534 705 chirogrillus
1571 649 1787 690 dividitur

374 719 525 756 contra
587 715 674 757 tria
736 716 852 757 dicta
912 731 1001 758 non
1063 721 1129 758 est
1190 717 1323 772 lepus,
1387 731 1466 758 nec
1529 717 1787 767 herinacius,

375 798 455 825 nec
484 784 684 835 hericius,
723 798 802 825 nec
839 787 1045 840 artomys.
1110 786 1170 827 Et
1201 800 1300 827 cum
1338 785 1430 827 haec
1468 785 1533 826 ita
1565 785 1665 835 sint,
1698 799 1787 826 non

377 855 443 893 est
468 852 713 893 herinacius
744 866 822 893 nec
853 853 1051 905 hericius,
1079 853 1192 895 sicut
1223 853 1528 894 interlineares
1559 856 1604 895 et
1634 854 1788 909 glossae

379 920 654 975 magistrales
697 920 876 972 dicunt;
919 924 964 962 et
1001 922 1113 962 sicut
1155 924 1207 962 ut
1240 921 1364 963 Brito
1409 921 1608 962 somniat.
1674 921 1789 962 Item

380 1003 478 1029 cum
504 988 727 1029 cuniculus
759 1003 847 1029 non
881 989 938 1030 sit
972 989 1136 1030 animal
1167 1004 1305 1045 rapax
1337 992 1382 1031 et
1402 989 1686 1039 mortiferum,
1711 1003 1793 1030 nec

382 1056 654 1111 chirogrillus
687 1059 764 1107 est,
798 1056 899 1097 licet
931 1058 1084 1112 glossae
1116 1057 1337 1112 praedictae
1370 1061 1414 1099 et
1447 1057 1571 1099 Brito
1603 1058 1796 1099 credant.

384 1124 500 1165 Item
531 1138 611 1174 nec
643 1124 726 1165 erit
762 1124 927 1165 animal
971 1125 1195 1180 spinosum
1237 1125 1378 1179 majus
1420 1126 1652 1175 herinacio,
1694 1126 1797 1167 licet

383 1191 678 1233 interlinearis
723 1192 910 1234 Levitici
961 1192 1042 1234 hoc
1090 1193 1217 1235 dicat.
1281 1193 1537 1248 Cujusmodi
1588 1207 1691 1234 vero
1743 1194 1801 1234 sit

385 1261 466 1302 hoc
497 1260 660 1302 animal
694 1260 918 1316 spinosum
962 1261 1105 1316 majus
1148 1260 1383 1313 herinacio,
1421 1261 1646 1303 sciendum
1684 1261 1802 1316 quod

388 1333 454 1371 est
485 1329 607 1379 strix,
642 1329 758 1384 quod
791 1333 975 1371 vocatur
1006 1329 1250 1385 vulgariter
1289 1343 1444 1385 porcus
1476 1330 1684 1386 spinosus.
1743 1329 1803 1370 Et

390 1402 455 1439 est
497 1398 659 1438 animal
701 1398 929 1439 mediocris
962 1398 1237 1453 quantitatis,
1270 1398 1435 1440 habens
1477 1399 1622 1455 spinas
1653 1398 1805 1453 longas

391 1466 724 1520 aliquantulum,
768 1469 813 1507 et
855 1481 953 1508 cum
998 1466 1201 1508 irascitur
1232 1466 1398 1508 emittit
1429 1481 1501 1508 eas
1533 1470 1577 1508 et
1623 1467 1807 1522 sagittat

392 1534 615 1574 hominem
646 1533 940 1575 infestantem.
1014 1534 1101 1575 Sed
1134 1549 1231 1575 cum
1263 1535 1486 1575 cuniculus
1517 1549 1607 1576 non
1638 1535 1696 1576 sit
1727 1535 1808 1576 hoc

395 1602 559 1642 animal
590 1616 669 1642 nec
701 1601 971 1657 chirogrillus
1004 1602 1088 1642 erit
1119 1602 1238 1642 illud.
1302 1602 1417 1643 Sunt
1450 1602 1581 1644 etiam
1618 1603 1807 1658 postillae

396 1670 679 1725 magistrales,
716 1683 814 1723 quae
856 1669 1011 1710 dicunt
1048 1669 1165 1723 quod
1208 1672 1273 1710 est
1320 1669 1483 1710 animal
1526 1669 1666 1710 simile
1707 1684 1807 1711 urso

397 1741 442 1778 et
475 1737 600 1778 muri.
666 1737 753 1778 Sed
784 1737 895 1777 illud
928 1740 1187 1778 evacuatum
1216 1740 1282 1778 est
1315 1752 1392 1792 per
1418 1737 1807 1791 {equivocationcm

398 1804 526 1859 hujus
556 1804 746 1845 nominis
772 1804 960 1859 saphan.
1025 1804 1111 1845 Sed
1134 1808 1286 1845 contra
1316 1804 1394 1846 hoc
1416 1805 1533 1859 quod
1555 1820 1659 1846 xxx.
1696 1805 1804 1860 [ΞΟ]

399 1873 524 1914 Prov.
549 1872 722 1924 dicitur,
760 1872 1046 1928 “lepusculus
1077 1872 1199 1927 plebs
1221 1872 1469 1923 invalida;''
1501 1873 1563 1914 ibi
1589 1873 1636 1913 in
1659 1872 1808 1914 Graeco

400 1940 728 1995 clesi‘roffl‘illum.
817 1940 903 1982 Sed
953 1940 1116 1981 animal
1158 1955 1248 1982 0330
1294 1941 1576 1982 manifestum
1618 1944 1684 1982 est
1734 1956 1811 1997 per

401 2009 791 2064 {equivocationem
832 2008 1031 2058 nominis,
1076 2011 1120 2049 ct
1161 2008 1439 2064 chirogrillon
1475 2012 1812 2051 connumeratur

401 2093 478 2133 per
510 2077 806 2118 Proverbium.
882 2076 997 2117 Item
1041 2076 1227 2117 Levitici
1265 2080 1310 2118 et
1342 2076 1650 2118 Deuteronom.
1696 2077 1811 2133 capi-

401 2145 507 2186 tulis
538 2145 757 2200 praedictis
797 2148 1136 2186 connumeratur
1172 2145 1445 2199 chirogrillus
1482 2148 1526 2186 et
1567 2145 1699 2201 lepus,
1733 2160 1812 2201 pro

403 2213 574 2254 duobus
605 2212 868 2254 animalibus
909 2212 1102 2253 diversis.
1166 2212 1281 2254 Item
1323 2212 1443 2267 lepus
1483 2227 1572 2254 non
1605 2213 1731 2268 ponit
1766 2213 1813 2253 in

402 2284 527 2336 petra
560 2281 700 2323 cubile
742 2295 879 2331 suum,
918 2281 993 2321 sed
1034 2280 1080 2320 in
1112 2280 1315 2321 mollibus
1345 2280 1460 2331 locis,
1497 2284 1548 2321 ut
1583 2280 1630 2321 in
1663 2295 1813 2336 campo

405 2352 449 2389 et
490 2349 612 2389 silvis
659 2350 776 2390 inter
824 2348 980 2389 herbas
1014 2351 1058 2388 et
1106 2348 1314 2403 gramina.
1378 2348 1564 2403 Propter
1596 2349 1713 2402 quod
1746 2349 1812 2389 111-

404 2416 693 2471 telligendum
746 2419 811 2456 est
863 2416 979 2469 quod
1032 2415 1191 2456 Latina
1246 2415 1478 2456 translatio
1531 2415 1715 2469 antiqua
1766 2416 1813 2456 in

408 2484 655 2524 Proverbiis
702 2483 786 2523 fuit
817 2486 1022 2538 corrupta
1063 2482 1109 2522 in
1140 2483 1291 2523 inultis
1323 2482 1440 2533 locis,
1474 2482 1586 2523 sicut
1633 2483 1679 2523 in
1717 2485 1815 2524 tota

409 2551 566 2603 Biblia,
603 2554 647 2592 et
679 2551 775 2592 ideo
810 2550 880 2592 hic
911 2550 1280 2605 corrumpebatur,
1320 2550 1423 2604 quia
1459 2549 1638 2606 saphan
1682 2551 1815 2606 signi-

408 2619 511 2660 ficat
567 2619 770 2674 leporem,
824 2621 869 2659 et
932 2632 1020 2658 non
1081 2617 1465 2659 consideraverunt
1527 2619 1645 2673 quod
1696 2619 1816 2660 aliud

409 2688 681 2743 significaret.
761 2686 877 2727 Nam
942 2685 1240 2740 Hieronymus
1293 2685 1400 2727 dicit
1456 2686 1501 2726 111
1555 2687 1816 2728 correctione

412 2756 615 2797 Psalterii
646 2755 762 2810 quod
793 2768 941 2795 omnes
978 2753 1259 2795 translatores
1293 2753 1424 2794 simili
1455 2768 1561 2795 voce
1594 2754 1737 2809 ipsum
1770 2754 1817 2795 in

411 2824 634 2880 proprium
688 2823 929 2864 Hebrzeum
971 2820 1222 2877 saplccmim
1262 2821 1583 2863 transtulerunt
1614 2823 1660 2863 in
1696 2822 1815 2864 Grae-
