1964 3259
184 266 369 321 mimir]
705 276 761 305 or
769 275 821 306 [Js
851 274 1063 306 TERTIUM.
1496 262 1579 301 299

179 395 326 434 testas.
403 392 532 444 Nam,
576 396 626 433 ut
666 392 730 433 ait
772 391 962 441 Boetius,
1001 390 1098 431 alize
1145 388 1338 429 scientiae
1380 386 1581 427 veritatis

178 461 517 517 investigatione
567 461 803 510 laborant3
860 459 951 500 haec
1003 471 1107 498 vero
1163 470 1253 497 non
1309 453 1581 496 solummodo

181 529 467 584 speculationi
507 528 582 570 sed
622 528 864 569 moralitati
906 525 1138 581 conjuncta
1183 526 1259 573 est,
1295 526 1341 565 et
1378 525 1582 563 naturam

182 601 404 652 permutat
438 597 696 638 universam.
762 595 905 636 Mores
942 594 1058 636 enim
1094 593 1314 644 reformat,
1348 591 1583 633 ebrietates
1602 595 1808 627 Formorals.

180 666 316 717 sedat,
349 664 628 707 infirmitates
662 666 797 715 curat,
833 663 1069 705 sanitatem
1111 664 1351 712 conservat,
1389 660 1583 715 quietem

182 734 323 775 somni
369 733 550 783 inducit,
593 747 682 774 non
733 735 939 774 naturam
980 730 1159 773 auditus
1202 731 1466 786 pervertens,
1511 728 1585 770 sed

183 801 402 858 superior1
443 816 492 843 eo
523 802 649 853 facta,
683 801 824 856 ipsam
855 800 1053 842 suaviter
1089 800 1275 840 vincens.
1339 798 1586 839 Bestiarum

182 870 351 912 animos
382 872 634 921 commutat,
667 872 713 910 et
742 869 790 910 in
821 868 1010 910 hominis
1044 867 1339 910 obedientiam
1377 865 1586 922 perducit.

184 938 302 980 Nam
334 936 549 980 Boetius2
591 940 636 979 et
677 937 824 980 caeteri
860 940 1058 979 auctores
1089 939 1261 993 ponunt
1293 934 1493 990 exempla
1535 934 1587 975 de

182 1006 279 1048 istis
328 1006 735 1062 permutationibus.
810 1005 1092 1061 Empedocles
1133 1004 1251 1046 enim
1292 1003 1481 1045 hominis
1522 1002 1588 1043 in-

183 1075 385 1116 vadentis
419 1075 554 1116 alium
586 1075 633 1115 in
664 1077 850 1117 mortem
884 1074 1136 1116 harmonica
1167 1075 1383 1128 potestate
1416 1071 1587 1112 iracun-

184 1143 303 1184 diam
343 1143 618 1199 temperavit,
654 1146 698 1184 et
739 1145 1019 1184 mansuetum
1060 1141 1253 1183 reddidit
1295 1144 1340 1182 et
1377 1140 1586 1189 sedatum.

186 1211 458 1268 Pythagoras
492 1211 660 1253 ebrium
695 1214 740 1252 et
772 1212 876 1253 vino
910 1210 1080 1266 plenius
1112 1210 1369 1260 delibutum,
1390 1208 1588 1264 frangere

153 1327 157 1330 ,
183 1279 361 1321 domum
392 1279 524 1321 scorti
555 1279 816 1335 cupientem,
839 1279 1038 1320 melodiae
1070 1278 1290 1320 suavitate
1319 1281 1364 1319 et
1389 1276 1455 1318 sui
1477 1291 1588 1318 corn-

185 1351 332 1403 potem
365 1347 569 1397 reddidit,
608 1351 652 1389 et
686 1347 959 1388 luxuriosum
993 1347 1188 1388 animum
1224 1346 1280 1387 ad
1314 1348 1480 1387 statum
1516 1345 1587 1386 de-

186 1416 329 1457 bitum
380 1415 612 1457 revocavit.
688 1415 801 1457 Cum
853 1415 987 1457 etiam
1028 1414 1245 1457 vinolenti
1295 1414 1589 1456 adolescentes

186 1484 381 1526 mulieris
432 1483 602 1539 pudicae
652 1483 763 1525 fores
815 1484 1014 1539 frangere
1065 1483 1333 1534 molirentur,
1370 1481 1589 1538 gravitate

186 1552 425 1594 harmoniae
475 1551 652 1593 illorum
703 1551 920 1592 furentem
976 1550 1268 1606 petulantiam
1325 1549 1587 1591 consedavit.

186 1620 464 1675 Asclepiades
500 1634 604 1661 vero
638 1619 830 1661 medicus
861 1619 1178 1674 phraeneticum
1209 1618 1384 1660 sanavit
1414 1618 1590 1660 musicae

186 1691 434 1744 potestate;
478 1692 523 1730 et
564 1687 714 1729 David
758 1687 934 1729 Saulem
975 1703 1002 1729 a
1044 1687 1286 1730 daemonica
1325 1687 1592 1742 possessione

189 1756 427 1808 liberavit3
493 1759 539 1798 et
581 1756 874 1812 Hippocrates
916 1756 1218 1798 Democritum
1259 1756 1462 1797 insanum
1503 1770 1591 1797 me-

188 1825 307 1867 lodia
357 1824 539 1867 curavit.
624 1825 774 1867 Refert
826 1825 959 1866 etiam
1012 1824 1192 1866 Boetius
1235 1824 1342 1866 alios
1391 1824 1590 1874 medicos,
1611 1833 1653 1864 In
1669 1834 1804 1868 disease.

190 1907 280 1934 non
323 1893 463 1934 solum
504 1908 639 1934 unam
685 1908 925 1948 personam,
969 1893 1039 1934 vel
1080 1907 1248 1948 paucos,
1291 1891 1367 1933 sed
1412 1892 1591 1948 populos

191 1961 351 2002 multos
393 1976 419 2002 a
460 1961 636 2002 sciatica
676 1962 886 2017 passione,
921 1964 965 2003 et
998 1961 1054 2002 ab
1091 1961 1187 2002 aliis
1227 1960 1390 2002 morbis
1425 1961 1592 2016 gravis-

193 2028 324 2078 simis,
372 2028 623 2070 harmonica
674 2029 902 2071 dulcedine
955 2029 1168 2071 liberasse.
1251 2028 1311 2070 Et
1363 2029 1591 2071 Avicenna

191 2096 332 2152 primo
373 2096 496 2138 Artis
536 2097 766 2139 Medicinae
807 2097 934 2138 docet
975 2098 1101 2152 quod,
1134 2097 1252 2139 inter
1288 2097 1436 2139 omnia
1471 2112 1591 2139 exer—

192 2165 296 2206 citia
337 2165 551 2215 sanitatis,
593 2168 768 2208 cantare
808 2166 963 2208 melius
1004 2170 1104 2218 est3
1160 2166 1263 2222 quia
1312 2181 1402 2209 non
1453 2167 1592 2209 solum

192 2233 364 2274 animus
415 2233 647 2286 hilarescit,
698 2237 750 2276 ut
801 2237 945 2276 totum
995 2249 1150 2290 corpus
1201 2235 1466 2277 confortetur
1516 2250 1593 2291 per

190 2301 350 2343 mentis
401 2301 614 2352 solatium,
662 2302 737 2344 sed
789 2307 942 2345 cantus
992 2304 1119 2360 vigor
1161 2318 1308 2345 omnes
1350 2318 1507 2346 nervos
1549 2308 1594 2346 et

192 2384 325 2412 venas
375 2370 511 2412 totius
564 2371 753 2427 corporis
805 2372 1026 2422 distendit,
1070 2376 1121 2414 ut
1171 2387 1352 2428 vapores
1402 2373 1595 2430 corrupti

191 2438 463 2491 exhalentur,
499 2442 543 2481 et
578 2440 759 2482 subtiles
795 2440 907 2482 a'eris
943 2441 1251 2498 inspirationes
1286 2446 1596 2486 restaurentur.

194 2507 254 2548 Et
295 2507 359 2549 ait
401 2507 583 2549 Boetius
629 2510 745 2564 quod
788 2510 836 2551 in
880 2513 1058 2553 tantum
1108 2512 1260 2567 priscae
1310 2512 1595 2568 philosophiae

193 2575 349 2617 studiis
385 2576 451 2618 vis
482 2577 657 2620 musicae
689 2578 798 2620 artis
834 2579 1040 2632 innotuit,
1078 2584 1131 2623 ut
1167 2580 1458 2637 Pythagorici,
1495 2596 1594 2623 cum

194 2642 372 2685 diurnas
414 2645 458 2686 in
501 2660 653 2689 somno
704 2647 972 2692 resolverent
1012 2664 1147 2701 curaS,
1192 2650 1454 2705 quibusdam
1494 2665 1592 2693 can-

195 2711 344 2753 tilenis
386 2713 638 2768 utebantur,
671 2719 722 2758 ut
755 2730 827 2759 eos
869 2717 998 2761 laetus
1032 2722 1077 2760 et
1113 2719 1288 2774 quietus
1321 2734 1497 2762 somnus
1529 2733 1595 2761 ar-

265 2875 272 2895 ¹
291 2878 453 2921 superior]
481 2889 586 2921 super,
603 2880 642 2912 T.
897 2883 901 2927 Ι
966 2885 977 2903 2
995 2885 1142 2928 Boc'tius]
1162 2885 1215 2919 De
1231 2886 1370 2929 Musica,
1383 2888 1404 2922 i,
1422 2893 1452 2922 2.
