<?xml version="1.0" encoding="UTF-8"?>
<!DOCTYPE html PUBLIC "-//W3C//DTD XHTML 1.0 Transitional//EN"
    "http://www.w3.org/TR/xhtml1/DTD/xhtml1-transitional.dtd">
<html xmlns="http://www.w3.org/1999/xhtml" xml:lang="en" lang="en">
 <head>
  <title>
</title>
<meta http-equiv="Content-Type" content="text/html;charset=utf-8" />
  <meta name='ocr-system' content='tesseract 3.04.00' />
  <meta name='ocr-capabilities' content='ocr_page ocr_carea ocr_par ocr_line ocrx_word'/>
</head>
<body>
  <div class='ocr_page' id='page_1' title='image "./frrogeribaconope00baco_0595.png"; bbox 0 0 1964 3259; ppageno 0'>
   <div class='ocr_carea' id='block_1_1' title="bbox 195 256 1592 312">
    <p class='ocr_par' dir='ltr' id='par_1_1' title="bbox 195 256 1592 312">
     <span class='ocr_line' id='line_1_1' title="bbox 195 256 1592 312; baseline 0.002 -16"><span class='ocrx_word' id='word_1_1' title='bbox 195 256 317 312; x_wconf 74' lang='lat' dir='ltr'>vm]</span> <span class='ocrx_word' id='word_1_2' title='bbox 640 266 946 299; x_wconf 74' lang='lat' dir='ltr'>COMPENDIUM</span> <span class='ocrx_word' id='word_1_3' title='bbox 978 267 1143 298; x_wconf 79' lang='lat' dir='ltr'>sTUDH.</span> <span class='ocrx_word' id='word_1_4' title='bbox 1508 259 1592 299; x_wconf 81' lang='lat'>481</span> 
     </span>
    </p>
   </div>
   <div class='ocr_carea' id='block_1_2' title="bbox 196 387 218 403">
    <p class='ocr_par' dir='ltr' id='par_1_2' title="bbox 196 387 218 403">
     <span class='ocr_line' id='line_1_2' title="bbox 196 387 218 403; baseline 0.045 -1"><span class='ocrx_word' id='word_1_5' title='bbox 196 387 218 403; x_wconf 70' lang='lat' dir='ltr'>(C</span> 
     </span>
    </p>
   </div>
   <div class='ocr_carea' id='block_1_3' title="bbox 193 383 1608 2929">
    <p class='ocr_par' dir='ltr' id='par_1_3' title="bbox 193 383 1608 2929">
     <span class='ocr_line' id='line_1_3' title="bbox 249 383 1591 438; baseline -0.001 -14"><span class='ocrx_word' id='word_1_6' title='bbox 249 383 550 438; x_wconf 85' lang='lat' dir='ltr'>generationes</span> <span class='ocrx_word' id='word_1_7' title='bbox 591 383 688 425; x_wconf 79' lang='lat' dir='ltr'>coeli</span> <span class='ocrx_word' id='word_1_8' title='bbox 731 387 774 425; x_wconf 85' lang='lat' dir='ltr'>et</span> <span class='ocrx_word' id='word_1_9' title='bbox 810 387 937 425; x_wconf 58' lang='lat' dir='ltr'>terrie</span> <span class='ocrx_word' id='word_1_10' title='bbox 980 384 1153 437; x_wconf 89' lang='lat' dir='ltr'>quando</span> <span class='ocrx_word' id='word_1_11' title='bbox 1195 385 1350 425; x_wconf 74' lang='lat' dir='ltr'>oreatae</span> <span class='ocrx_word' id='word_1_12' title='bbox 1402 386 1506 424; x_wconf 84' lang='lat' dir='ltr'>sunt</span> <span class='ocrx_word' id='word_1_13' title='bbox 1549 384 1591 423; x_wconf 81' lang='lat' dir='ltr'>in</span> 
     </span>
     <span class='ocr_line' id='line_1_4' title="bbox 250 451 1598 506; baseline 0 -14"><span class='ocrx_word' id='word_1_14' title='bbox 250 451 319 492; x_wconf 86' lang='lat' dir='ltr'>die</span> <span class='ocrx_word' id='word_1_15' title='bbox 352 466 438 506; x_wconf 89' lang='lat' dir='ltr'>qua</span> <span class='ocrx_word' id='word_1_16' title='bbox 480 451 582 492; x_wconf 83' lang='lat' dir='ltr'>feeit</span> <span class='ocrx_word' id='word_1_17' title='bbox 628 451 843 492; x_wconf 89' lang='lat' dir='ltr'>Dominus</span> <span class='ocrx_word' id='word_1_18' title='bbox 887 451 1006 492; x_wconf 84' lang='lat' dir='ltr'>Deus</span> <span class='ocrx_word' id='word_1_19' title='bbox 1051 451 1209 492; x_wconf 84' lang='lat' dir='ltr'>coelum</span> <span class='ocrx_word' id='word_1_20' title='bbox 1254 454 1299 492; x_wconf 89' lang='lat' dir='ltr'>et</span> <span class='ocrx_word' id='word_1_21' title='bbox 1345 453 1517 499; x_wconf 86' lang='lat' dir='ltr'>terram,</span> <span class='ocrx_word' id='word_1_22' title='bbox 1554 455 1598 492; x_wconf 79' lang='lat' dir='ltr'>et</span> 
     </span>
     <span class='ocr_line' id='line_1_5' title="bbox 250 518 1596 575; baseline 0 -17"><span class='ocrx_word' id='word_1_23' title='bbox 250 532 377 560; x_wconf 90' lang='lat' dir='ltr'>omne</span> <span class='ocrx_word' id='word_1_24' title='bbox 429 518 671 575; x_wconf 88' lang='lat' dir='ltr'>virgultum</span> <span class='ocrx_word' id='word_1_25' title='bbox 713 519 815 574; x_wconf 87' lang='lat' dir='ltr'>agri,</span> <span class='ocrx_word' id='word_1_26' title='bbox 865 522 1099 573; x_wconf 88' lang='lat' dir='ltr'>antequam</span> <span class='ocrx_word' id='word_1_27' title='bbox 1145 519 1333 560; x_wconf 88' lang='lat' dir='ltr'>oriretur</span> <span class='ocrx_word' id='word_1_28' title='bbox 1378 518 1425 558; x_wconf 88' lang='lat' dir='ltr'>in</span> <span class='ocrx_word' id='word_1_29' title='bbox 1471 521 1596 567; x_wconf 77' lang='lat' dir='ltr'>terra,</span> 
     </span>
     <span class='ocr_line' id='line_1_6' title="bbox 248 585 1599 642; baseline 0.001 -16"><span class='ocrx_word' id='word_1_30' title='bbox 248 600 503 642; x_wconf 87' lang='lat' dir='ltr'>omnemque</span> <span class='ocrx_word' id='word_1_31' title='bbox 555 586 735 628; x_wconf 80' lang='lat' dir='ltr'>herbam</span> <span class='ocrx_word' id='word_1_32' title='bbox 771 586 961 641; x_wconf 83' lang='lat' dir='ltr'>regionis</span> <span class='ocrx_word' id='word_1_33' title='bbox 1003 587 1256 641; x_wconf 70' lang='lat' dir='ltr'>priusquam</span> <span class='ocrx_word' id='word_1_34' title='bbox 1293 585 1599 642; x_wconf 83' lang='lat' dir='ltr'>germinaret.”</span> 
     </span>
     <span class='ocr_line' id='line_1_7' title="bbox 196 652 1596 709; baseline 0 -16"><span class='ocrx_word' id='word_1_35' title='bbox 196 652 357 709; x_wconf 87' lang='lat' dir='ltr'>Magna</span> <span class='ocrx_word' id='word_1_36' title='bbox 388 653 620 695; x_wconf 77' lang='lat' dir='ltr'>difficultas</span> <span class='ocrx_word' id='word_1_37' title='bbox 657 657 723 696; x_wconf 87' lang='lat' dir='ltr'>est</span> <span class='ocrx_word' id='word_1_38' title='bbox 759 654 841 706; x_wconf 78' lang='lat' dir='ltr'>hie⁷</span> <span class='ocrx_word' id='word_1_39' title='bbox 874 669 929 695; x_wconf 86' lang='lat' dir='ltr'>an</span> <span class='ocrx_word' id='word_1_40' title='bbox 961 655 1041 695; x_wconf 87' lang='lat' dir='ltr'>sub</span> <span class='ocrx_word' id='word_1_41' title='bbox 1075 669 1161 696; x_wconf 88' lang='lat' dir='ltr'>uno</span> <span class='ocrx_word' id='word_1_42' title='bbox 1194 669 1323 696; x_wconf 89' lang='lat' dir='ltr'>versu</span> <span class='ocrx_word' id='word_1_43' title='bbox 1367 669 1424 695; x_wconf 87' lang='lat' dir='ltr'>an</span> <span class='ocrx_word' id='word_1_44' title='bbox 1462 654 1596 709; x_wconf 86' lang='lat' dir='ltr'>pluri-</span> 
     </span>
     <span class='ocr_line' id='line_1_8' title="bbox 194 720 1598 777; baseline -0.001 -15"><span class='ocrx_word' id='word_1_45' title='bbox 194 720 274 762; x_wconf 86' lang='lat' dir='ltr'>bus</span> <span class='ocrx_word' id='word_1_46' title='bbox 306 721 462 763; x_wconf 86' lang='lat' dir='ltr'>debeat</span> <span class='ocrx_word' id='word_1_47' title='bbox 504 721 698 777; x_wconf 86' lang='lat' dir='ltr'>proferri.</span> <span class='ocrx_word' id='word_1_48' title='bbox 763 721 818 762; x_wconf 90' lang='lat' dir='ltr'>In</span> <span class='ocrx_word' id='word_1_49' title='bbox 863 721 1053 763; x_wconf 69' lang='lat' dir='ltr'>Hebraeo</span> <span class='ocrx_word' id='word_1_50' title='bbox 1095 722 1270 777; x_wconf 85' lang='lat' dir='ltr'>quidem</span> <span class='ocrx_word' id='word_1_51' title='bbox 1318 721 1598 763; x_wconf 82' lang='lat' dir='ltr'>manifestum</span> 
     </span>
     <span class='ocr_line' id='line_1_9' title="bbox 194 789 1600 844; baseline 0.001 -15"><span class='ocrx_word' id='word_1_52' title='bbox 194 792 260 830; x_wconf 89' lang='lat' dir='ltr'>est</span> <span class='ocrx_word' id='word_1_53' title='bbox 292 789 407 844; x_wconf 89' lang='lat' dir='ltr'>quod</span> <span class='ocrx_word' id='word_1_54' title='bbox 438 793 542 831; x_wconf 86' lang='lat' dir='ltr'>sunt</span> <span class='ocrx_word' id='word_1_55' title='bbox 573 790 658 831; x_wconf 89' lang='lat' dir='ltr'>duo</span> <span class='ocrx_word' id='word_1_56' title='bbox 700 804 861 839; x_wconf 86' lang='lat' dir='ltr'>versus,</span> <span class='ocrx_word' id='word_1_57' title='bbox 888 789 1022 844; x_wconf 77' lang='lat' dir='ltr'>juxta</span> <span class='ocrx_word' id='word_1_58' title='bbox 1053 790 1365 844; x_wconf 67' lang='lat' dir='ltr'>proprietatem</span> <span class='ocrx_word' id='word_1_59' title='bbox 1398 789 1600 830; x_wconf 72' lang='lat' dir='ltr'>Hebraeae</span> 
     </span>
     <span class='ocr_line' id='line_1_10' title="bbox 194 856 1601 911; baseline 0 -15"><span class='ocrx_word' id='word_1_60' title='bbox 194 856 485 898; x_wconf 85' lang='lat' dir='ltr'>distinotionis</span> <span class='ocrx_word' id='word_1_61' title='bbox 528 861 572 898; x_wconf 86' lang='lat' dir='ltr'>et</span> <span class='ocrx_word' id='word_1_62' title='bbox 613 857 931 898; x_wconf 81' lang='lat' dir='ltr'>verificationis.</span> <span class='ocrx_word' id='word_1_63' title='bbox 1009 856 1126 897; x_wconf 89' lang='lat' dir='ltr'>Nam</span> <span class='ocrx_word' id='word_1_64' title='bbox 1179 857 1395 898; x_wconf 75' lang='lat' dir='ltr'>Hebraeus</span> <span class='ocrx_word' id='word_1_65' title='bbox 1446 856 1601 911; x_wconf 75' lang='lat' dir='ltr'>incipit</span> 
     </span>
     <span class='ocr_line' id='line_1_11' title="bbox 193 923 1601 979; baseline 0 -15"><span class='ocrx_word' id='word_1_66' title='bbox 193 938 352 965; x_wconf 83' lang='lat' dir='ltr'>novam</span> <span class='ocrx_word' id='word_1_67' title='bbox 383 924 647 966; x_wconf 73' lang='lat' dir='ltr'>sententiam</span> <span class='ocrx_word' id='word_1_68' title='bbox 678 924 752 976; x_wconf 85' lang='lat' dir='ltr'>ibi,</span> <span class='ocrx_word' id='word_1_69' title='bbox 785 929 824 967; x_wconf 71' lang='lat' dir='ltr'>et</span> <span class='ocrx_word' id='word_1_70' title='bbox 854 938 983 966; x_wconf 68' lang='lat' dir='ltr'>omne</span> <span class='ocrx_word' id='word_1_71' title='bbox 1014 923 1273 979; x_wconf 68' lang='lat' dir='ltr'>virgyultam</span> <span class='ocrx_word' id='word_1_72' title='bbox 1305 923 1419 979; x_wconf 65' lang='lat' dir='ltr'>(cyri,</span> <span class='ocrx_word' id='word_1_73' title='bbox 1455 924 1601 965; x_wconf 74' lang='lat' dir='ltr'>dicens</span> 
     </span>
     <span class='ocr_line' id='line_1_12' title="bbox 195 991 1601 1048; baseline 0 -17"><span class='ocrx_word' id='word_1_74' title='bbox 195 991 251 1032; x_wconf 90' lang='lat' dir='ltr'>ad</span> <span class='ocrx_word' id='word_1_75' title='bbox 302 991 507 1033; x_wconf 86' lang='lat' dir='ltr'>literam:</span> <span class='ocrx_word' id='word_1_76' title='bbox 562 996 607 1033; x_wconf 88' lang='lat' dir='ltr'>et</span> <span class='ocrx_word' id='word_1_77' title='bbox 660 1006 786 1034; x_wconf 85' lang='lat' dir='ltr'>omne</span> <span class='ocrx_word' id='word_1_78' title='bbox 836 992 1080 1048; x_wconf 81' lang='lat' dir='ltr'>virgultum</span> <span class='ocrx_word' id='word_1_79' title='bbox 1132 992 1329 1034; x_wconf 88' lang='lat' dir='ltr'>nondum</span> <span class='ocrx_word' id='word_1_80' title='bbox 1374 992 1509 1033; x_wconf 80' lang='lat' dir='ltr'>fiebat</span> <span class='ocrx_word' id='word_1_81' title='bbox 1554 993 1601 1032; x_wconf 88' lang='lat' dir='ltr'>in</span> 
     </span>
     <span class='ocr_line' id='line_1_13' title="bbox 194 1059 1600 1115; baseline 0 -15"><span class='ocrx_word' id='word_1_82' title='bbox 194 1062 320 1110; x_wconf 86' lang='lat' dir='ltr'>terra,</span> <span class='ocrx_word' id='word_1_83' title='bbox 363 1063 408 1101; x_wconf 89' lang='lat' dir='ltr'>et</span> <span class='ocrx_word' id='word_1_84' title='bbox 465 1060 606 1101; x_wconf 87' lang='lat' dir='ltr'>omnis</span> <span class='ocrx_word' id='word_1_85' title='bbox 652 1059 786 1101; x_wconf 87' lang='lat' dir='ltr'>herba</span> <span class='ocrx_word' id='word_1_86' title='bbox 831 1060 1021 1115; x_wconf 78' lang='lat' dir='ltr'>regionis</span> <span class='ocrx_word' id='word_1_87' title='bbox 1066 1060 1264 1101; x_wconf 87' lang='lat' dir='ltr'>nondum</span> <span class='ocrx_word' id='word_1_88' title='bbox 1307 1059 1600 1115; x_wconf 81' lang='lat' dir='ltr'>germinavit3</span> 
     </span>
     <span class='ocr_line' id='line_1_14' title="bbox 194 1127 1599 1182; baseline 0 -15"><span class='ocrx_word' id='word_1_89' title='bbox 194 1127 357 1168; x_wconf 82' lang='lat' dir='ltr'>scilieet</span> <span class='ocrx_word' id='word_1_90' title='bbox 388 1127 561 1182; x_wconf 88' lang='lat' dir='ltr'>quando</span> <span class='ocrx_word' id='word_1_91' title='bbox 593 1127 727 1169; x_wconf 81' lang='lat' dir='ltr'>creati</span> <span class='ocrx_word' id='word_1_92' title='bbox 763 1131 867 1168; x_wconf 88' lang='lat' dir='ltr'>sunt</span> <span class='ocrx_word' id='word_1_93' title='bbox 898 1127 996 1169; x_wconf 77' lang='lat' dir='ltr'>coeli</span> <span class='ocrx_word' id='word_1_94' title='bbox 1035 1131 1079 1169; x_wconf 86' lang='lat' dir='ltr'>et</span> <span class='ocrx_word' id='word_1_95' title='bbox 1123 1131 1240 1169; x_wconf 86' lang='lat' dir='ltr'>terra</span> <span class='ocrx_word' id='word_1_96' title='bbox 1282 1127 1329 1168; x_wconf 90' lang='lat' dir='ltr'>in</span> <span class='ocrx_word' id='word_1_97' title='bbox 1371 1127 1599 1182; x_wconf 79' lang='lat' dir='ltr'>principio,</span> 
     </span>
     <span class='ocr_line' id='line_1_15' title="bbox 195 1194 1600 1250; baseline -0.001 -14"><span class='ocrx_word' id='word_1_98' title='bbox 195 1195 433 1236; x_wconf 83' lang='lat' dir='ltr'>seeundum</span> <span class='ocrx_word' id='word_1_99' title='bbox 480 1195 596 1250; x_wconf 87' lang='lat' dir='ltr'>quod</span> <span class='ocrx_word' id='word_1_100' title='bbox 639 1194 801 1236; x_wconf 84' lang='lat' dir='ltr'>dieitur</span> <span class='ocrx_word' id='word_1_101' title='bbox 855 1195 946 1235; x_wconf 89' lang='lat' dir='ltr'>“in</span> <span class='ocrx_word' id='word_1_102' title='bbox 996 1195 1210 1250; x_wconf 81' lang='lat' dir='ltr'>principio</span> <span class='ocrx_word' id='word_1_103' title='bbox 1263 1195 1429 1236; x_wconf 78' lang='lat' dir='ltr'>creavit</span> <span class='ocrx_word' id='word_1_104' title='bbox 1481 1195 1600 1236; x_wconf 87' lang='lat' dir='ltr'>Deus</span> 
     </span>
     <span class='ocr_line' id='line_1_16' title="bbox 197 1261 1603 1318; baseline -0.001 -15"><span class='ocrx_word' id='word_1_105' title='bbox 197 1267 220 1283; x_wconf 90' lang='lat'><em>“</em></span> <span class='ocrx_word' id='word_1_106' title='bbox 251 1262 409 1303; x_wconf 82' lang='lat' dir='ltr'>eoelum</span> <span class='ocrx_word' id='word_1_107' title='bbox 450 1266 494 1304; x_wconf 88' lang='lat' dir='ltr'>et</span> <span class='ocrx_word' id='word_1_108' title='bbox 535 1261 735 1303; x_wconf 82' lang='lat' dir='ltr'>terra1n.”</span> <span class='ocrx_word' id='word_1_109' title='bbox 816 1262 1025 1304; x_wconf 90' lang='lat' dir='ltr'>Nondum</span> <span class='ocrx_word' id='word_1_110' title='bbox 1077 1263 1192 1304; x_wconf 87' lang='lat' dir='ltr'>enim</span> <span class='ocrx_word' id='word_1_111' title='bbox 1243 1262 1456 1318; x_wconf 81' lang='lat' dir='ltr'>producta</span> <span class='ocrx_word' id='word_1_112' title='bbox 1499 1266 1603 1303; x_wconf 87' lang='lat' dir='ltr'>sunt</span> 
     </span>
     <span class='ocr_line' id='line_1_17' title="bbox 196 1330 1602 1386; baseline 0 -16"><span class='ocrx_word' id='word_1_113' title='bbox 196 1330 391 1386; x_wconf 86' lang='lat' dir='ltr'>virgulta</span> <span class='ocrx_word' id='word_1_114' title='bbox 432 1345 511 1372; x_wconf 82' lang='lat' dir='ltr'>nee</span> <span class='ocrx_word' id='word_1_115' title='bbox 562 1330 705 1372; x_wconf 79' lang='lat' dir='ltr'>herbae</span> <span class='ocrx_word' id='word_1_116' title='bbox 749 1330 801 1372; x_wconf 84' lang='lat' dir='ltr'>de</span> <span class='ocrx_word' id='word_1_117' title='bbox 837 1333 965 1380; x_wconf 86' lang='lat' dir='ltr'>terra,</span> <span class='ocrx_word' id='word_1_118' title='bbox 1010 1330 1087 1372; x_wconf 89' lang='lat' dir='ltr'>sed</span> <span class='ocrx_word' id='word_1_119' title='bbox 1132 1330 1180 1371; x_wconf 91' lang='lat' dir='ltr'>in</span> <span class='ocrx_word' id='word_1_120' title='bbox 1226 1330 1359 1371; x_wconf 90' lang='lat' dir='ltr'>tertia</span> <span class='ocrx_word' id='word_1_121' title='bbox 1411 1330 1489 1371; x_wconf 88' lang='lat' dir='ltr'>die.</span> <span class='ocrx_word' id='word_1_122' title='bbox 1554 1330 1602 1371; x_wconf 83' lang='lat' dir='ltr'>Si</span> 
     </span>
     <span class='ocr_line' id='line_1_18' title="bbox 196 1398 1604 1455; baseline 0 -16"><span class='ocrx_word' id='word_1_123' title='bbox 196 1412 299 1440; x_wconf 87' lang='lat' dir='ltr'>vero</span> <span class='ocrx_word' id='word_1_124' title='bbox 346 1399 393 1439; x_wconf 92' lang='lat' dir='ltr'>in</span> <span class='ocrx_word' id='word_1_125' title='bbox 437 1398 596 1439; x_wconf 91' lang='lat' dir='ltr'>Latino</span> <span class='ocrx_word' id='word_1_126' title='bbox 643 1401 754 1440; x_wconf 86' lang='lat' dir='ltr'>esset</span> <span class='ocrx_word' id='word_1_127' title='bbox 805 1398 991 1455; x_wconf 83' lang='lat' dir='ltr'>negatio,</span> <span class='ocrx_word' id='word_1_128' title='bbox 1041 1398 1152 1439; x_wconf 81' lang='lat' dir='ltr'>siout</span> <span class='ocrx_word' id='word_1_129' title='bbox 1198 1398 1245 1438; x_wconf 89' lang='lat' dir='ltr'>in</span> <span class='ocrx_word' id='word_1_130' title='bbox 1298 1398 1498 1448; x_wconf 71' lang='lat' dir='ltr'>Helmaeo,</span> <span class='ocrx_word' id='word_1_131' title='bbox 1552 1402 1604 1439; x_wconf 89' lang='lat' dir='ltr'>ut</span> 
     </span>
     <span class='ocr_line' id='line_1_19' title="bbox 196 1465 1604 1521; baseline -0.001 -14"><span class='ocrx_word' id='word_1_132' title='bbox 196 1466 325 1507; x_wconf 88' lang='lat' dir='ltr'>litera</span> <span class='ocrx_word' id='word_1_133' title='bbox 375 1469 527 1507; x_wconf 87' lang='lat' dir='ltr'>nostra</span> <span class='ocrx_word' id='word_1_134' title='bbox 577 1469 689 1507; x_wconf 85' lang='lat' dir='ltr'>esset</span> <span class='ocrx_word' id='word_1_135' title='bbox 751 1466 862 1507; x_wconf 85' lang='lat' dir='ltr'>siout</span> <span class='ocrx_word' id='word_1_136' title='bbox 916 1466 1098 1521; x_wconf 75' lang='lat' dir='ltr'>exposui</span> <span class='ocrx_word' id='word_1_137' title='bbox 1149 1480 1266 1506; x_wconf 85' lang='lat' dir='ltr'>nune</span> <span class='ocrx_word' id='word_1_138' title='bbox 1316 1465 1461 1520; x_wconf 86' lang='lat' dir='ltr'>ipsum</span> <span class='ocrx_word' id='word_1_139' title='bbox 1514 1465 1604 1506; x_wconf 87' lang='lat' dir='ltr'>He-</span> 
     </span>
     <span class='ocr_line' id='line_1_20' title="bbox 196 1533 1606 1588; baseline -0.001 -14"><span class='ocrx_word' id='word_1_140' title='bbox 196 1533 374 1584; x_wconf 78' lang='lat' dir='ltr'>braeum,</span> <span class='ocrx_word' id='word_1_141' title='bbox 407 1537 513 1575; x_wconf 84' lang='lat' dir='ltr'>tuno</span> <span class='ocrx_word' id='word_1_142' title='bbox 559 1537 704 1588; x_wconf 86' lang='lat' dir='ltr'>posset</span> <span class='ocrx_word' id='word_1_143' title='bbox 734 1548 884 1575; x_wconf 89' lang='lat' dir='ltr'>versus</span> <span class='ocrx_word' id='word_1_144' title='bbox 930 1534 1119 1588; x_wconf 79' lang='lat' dir='ltr'>incipere</span> <span class='ocrx_word' id='word_1_145' title='bbox 1163 1534 1210 1573; x_wconf 89' lang='lat' dir='ltr'>in</span> <span class='ocrx_word' id='word_1_146' title='bbox 1243 1533 1402 1574; x_wconf 87' lang='lat' dir='ltr'>Latino</span> <span class='ocrx_word' id='word_1_147' title='bbox 1446 1533 1519 1582; x_wconf 83' lang='lat' dir='ltr'>ibi,</span> <span class='ocrx_word' id='word_1_148' title='bbox 1567 1537 1606 1574; x_wconf 74' lang='lat' dir='ltr'>et</span> 
     </span>
     <span class='ocr_line' id='line_1_21' title="bbox 198 1600 1605 1656; baseline -0.001 -14"><span class='ocrx_word' id='word_1_149' title='bbox 198 1615 329 1643; x_wconf 70' lang='lat' dir='ltr'>omne</span> <span class='ocrx_word' id='word_1_150' title='bbox 369 1600 624 1656; x_wconf 65' lang='lat' dir='ltr'>vio-yultum</span> <span class='ocrx_word' id='word_1_151' title='bbox 664 1600 779 1655; x_wconf 65' lang='lat' dir='ltr'>scyri.</span> <span class='ocrx_word' id='word_1_152' title='bbox 843 1601 929 1642; x_wconf 83' lang='lat' dir='ltr'>Sed</span> <span class='ocrx_word' id='word_1_153' title='bbox 960 1615 1048 1641; x_wconf 90' lang='lat' dir='ltr'>non</span> <span class='ocrx_word' id='word_1_154' title='bbox 1080 1603 1145 1641; x_wconf 86' lang='lat' dir='ltr'>est</span> <span class='ocrx_word' id='word_1_155' title='bbox 1176 1600 1363 1656; x_wconf 85' lang='lat' dir='ltr'>negatio,</span> <span class='ocrx_word' id='word_1_156' title='bbox 1398 1600 1499 1641; x_wconf 79' lang='lat' dir='ltr'>lieet</span> <span class='ocrx_word' id='word_1_157' title='bbox 1531 1601 1605 1641; x_wconf 88' lang='lat' dir='ltr'>ad-</span> 
     </span>
     <span class='ocr_line' id='line_1_22' title="bbox 197 1668 1605 1724; baseline 0 -14"><span class='ocrx_word' id='word_1_158' title='bbox 197 1669 349 1710; x_wconf 88' lang='lat' dir='ltr'>verbia</span> <span class='ocrx_word' id='word_1_159' title='bbox 391 1668 588 1710; x_wconf 84' lang='lat' dir='ltr'>valentia</span> <span class='ocrx_word' id='word_1_160' title='bbox 638 1669 892 1724; x_wconf 81' lang='lat' dir='ltr'>negationes</span> <span class='ocrx_word' id='word_1_161' title='bbox 933 1669 1228 1724; x_wconf 86' lang='lat' dir='ltr'>imponantur,</span> <span class='ocrx_word' id='word_1_162' title='bbox 1274 1668 1438 1709; x_wconf 81' lang='lat' dir='ltr'>seilicet</span> <span class='ocrx_word' id='word_1_163' title='bbox 1482 1673 1605 1710; x_wconf 69' lang='lat' dir='ltr'>(mte-</span> 
     </span>
     <span class='ocr_line' id='line_1_23' title="bbox 197 1736 1606 1793; baseline 0 -15"><span class='ocrx_word' id='word_1_164' title='bbox 197 1751 340 1793; x_wconf 73' lang='lat' dir='ltr'>quam</span> <span class='ocrx_word' id='word_1_165' title='bbox 390 1740 434 1778; x_wconf 90' lang='lat' dir='ltr'>et</span> <span class='ocrx_word' id='word_1_166' title='bbox 481 1736 763 1793; x_wconf 51' lang='lat' dir='ltr'>priusquam</span> <span class='ocrx_word' id='word_1_167' title='bbox 824 1736 904 1777; x_wconf 86' lang='lat' dir='ltr'>sub</span> <span class='ocrx_word' id='word_1_168' title='bbox 956 1736 1095 1792; x_wconf 84' lang='lat' dir='ltr'>speeie</span> <span class='ocrx_word' id='word_1_169' title='bbox 1157 1736 1447 1787; x_wconf 82' lang='lat' dir='ltr'>affirmativa3</span> <span class='ocrx_word' id='word_1_170' title='bbox 1510 1751 1606 1791; x_wconf 73' lang='lat' dir='ltr'>quae</span> 
     </span>
     <span class='ocr_line' id='line_1_24' title="bbox 198 1803 1604 1859; baseline -0.001 -13"><span class='ocrx_word' id='word_1_171' title='bbox 198 1805 435 1846; x_wconf 83' lang='lat' dir='ltr'>secundum</span> <span class='ocrx_word' id='word_1_172' title='bbox 487 1819 650 1846; x_wconf 89' lang='lat' dir='ltr'>morem</span> <span class='ocrx_word' id='word_1_173' title='bbox 693 1819 781 1845; x_wconf 90' lang='lat' dir='ltr'>non</span> <span class='ocrx_word' id='word_1_174' title='bbox 824 1808 1005 1859; x_wconf 85' lang='lat' dir='ltr'>possunt</span> <span class='ocrx_word' id='word_1_175' title='bbox 1059 1804 1130 1844; x_wconf 83' lang='lat' dir='ltr'>hie</span> <span class='ocrx_word' id='word_1_176' title='bbox 1181 1803 1369 1859; x_wconf 78' lang='lat' dir='ltr'>incipere</span> <span class='ocrx_word' id='word_1_177' title='bbox 1417 1818 1604 1855; x_wconf 84' lang='lat' dir='ltr'>versum,</span> 
     </span>
     <span class='ocr_line' id='line_1_25' title="bbox 197 1871 1606 1928; baseline -0.001 -14"><span class='ocrx_word' id='word_1_178' title='bbox 197 1873 273 1914; x_wconf 84' lang='lat' dir='ltr'>sed</span> <span class='ocrx_word' id='word_1_179' title='bbox 324 1876 496 1928; x_wconf 90' lang='lat' dir='ltr'>oportet</span> <span class='ocrx_word' id='word_1_180' title='bbox 547 1873 663 1927; x_wconf 91' lang='lat' dir='ltr'>quod</span> <span class='ocrx_word' id='word_1_181' title='bbox 723 1872 937 1914; x_wconf 87' lang='lat' dir='ltr'>referatur</span> <span class='ocrx_word' id='word_1_182' title='bbox 983 1872 1039 1912; x_wconf 88' lang='lat' dir='ltr'>ad</span> <span class='ocrx_word' id='word_1_183' title='bbox 1099 1871 1356 1926; x_wconf 61' lang='lat' dir='ltr'>praecedens,</span> <span class='ocrx_word' id='word_1_184' title='bbox 1410 1875 1454 1913; x_wconf 87' lang='lat' dir='ltr'>et</span> <span class='ocrx_word' id='word_1_185' title='bbox 1508 1886 1606 1913; x_wconf 82' lang='lat' dir='ltr'>eon-</span> 
     </span>
     <span class='ocr_line' id='line_1_26' title="bbox 197 1939 1605 1995; baseline -0.001 -14"><span class='ocrx_word' id='word_1_186' title='bbox 197 1940 368 1981; x_wconf 89' lang='lat' dir='ltr'>tinetur</span> <span class='ocrx_word' id='word_1_187' title='bbox 423 1940 612 1981; x_wconf 87' lang='lat' dir='ltr'>sermoni</span> <span class='ocrx_word' id='word_1_188' title='bbox 653 1939 915 1995; x_wconf 61' lang='lat' dir='ltr'>praecedenti</span> <span class='ocrx_word' id='word_1_189' title='bbox 975 1939 1056 1980; x_wconf 88' lang='lat' dir='ltr'>sub</span> <span class='ocrx_word' id='word_1_190' title='bbox 1104 1953 1191 1980; x_wconf 92' lang='lat' dir='ltr'>uno</span> <span class='ocrx_word' id='word_1_191' title='bbox 1244 1953 1381 1980; x_wconf 88' lang='lat' dir='ltr'>versu.</span> <span class='ocrx_word' id='word_1_192' title='bbox 1474 1939 1605 1980; x_wconf 84' lang='lat' dir='ltr'>Unde</span> 
     </span>
     <span class='ocr_line' id='line_1_27' title="bbox 199 2006 1605 2063; baseline -0.001 -14"><span class='ocrx_word' id='word_1_193' title='bbox 199 2011 381 2063; x_wconf 87' lang='lat' dir='ltr'>oportet,</span> <span class='ocrx_word' id='word_1_194' title='bbox 416 2008 531 2061; x_wconf 85' lang='lat' dir='ltr'>quod</span> <span class='ocrx_word' id='word_1_195' title='bbox 564 2008 644 2048; x_wconf 83' lang='lat' dir='ltr'>hoo</span> <span class='ocrx_word' id='word_1_196' title='bbox 685 2006 936 2048; x_wconf 85' lang='lat' dir='ltr'>adverbiale</span> <span class='ocrx_word' id='word_1_197' title='bbox 968 2011 1214 2062; x_wconf 51' lang='lat' dir='ltr'>(malequam</span> <span class='ocrx_word' id='word_1_198' title='bbox 1246 2009 1527 2062; x_wconf 72' lang='lat' dir='ltr'>praeponatur</span> <span class='ocrx_word' id='word_1_199' title='bbox 1558 2008 1605 2048; x_wconf 88' lang='lat' dir='ltr'>in</span> 
     </span>
     <span class='ocr_line' id='line_1_28' title="bbox 200 2073 1604 2130; baseline -0.001 -14"><span class='ocrx_word' id='word_1_200' title='bbox 200 2075 532 2124; x_wconf 80' lang='lat' dir='ltr'>construetione,</span> <span class='ocrx_word' id='word_1_201' title='bbox 556 2078 601 2116; x_wconf 89' lang='lat' dir='ltr'>et</span> <span class='ocrx_word' id='word_1_202' title='bbox 632 2075 749 2130; x_wconf 89' lang='lat' dir='ltr'>quod</span> <span class='ocrx_word' id='word_1_203' title='bbox 781 2088 911 2116; x_wconf 66' lang='lat' dir='ltr'>omne</span> <span class='ocrx_word' id='word_1_204' title='bbox 959 2073 1218 2128; x_wconf 57' lang='lat' dir='ltr'>vio-mutum</span> <span class='ocrx_word' id='word_1_205' title='bbox 1252 2074 1309 2115; x_wconf 85' lang='lat' dir='ltr'>sit</span> <span class='ocrx_word' id='word_1_206' title='bbox 1340 2075 1604 2115; x_wconf 79' lang='lat' dir='ltr'>nominativi</span> 
     </span>
     <span class='ocr_line' id='line_1_29' title="bbox 201 2141 1606 2198; baseline -0.001 -14"><span class='ocrx_word' id='word_1_207' title='bbox 201 2157 333 2184; x_wconf 86' lang='lat' dir='ltr'>casus.</span> <span class='ocrx_word' id='word_1_208' title='bbox 409 2142 489 2184; x_wconf 90' lang='lat' dir='ltr'>Est</span> <span class='ocrx_word' id='word_1_209' title='bbox 520 2142 657 2198; x_wconf 86' lang='lat' dir='ltr'>igitur</span> <span class='ocrx_word' id='word_1_210' title='bbox 700 2142 771 2183; x_wconf 85' lang='lat' dir='ltr'>hie</span> <span class='ocrx_word' id='word_1_211' title='bbox 802 2156 952 2183; x_wconf 88' lang='lat' dir='ltr'>sensus</span> <span class='ocrx_word' id='word_1_212' title='bbox 988 2141 1153 2183; x_wconf 77' lang='lat' dir='ltr'>literae:</span> <span class='ocrx_word' id='word_1_213' title='bbox 1200 2141 1304 2183; x_wconf 68' lang='lat' dir='ltr'>Istae</span> <span class='ocrx_word' id='word_1_214' title='bbox 1345 2145 1448 2182; x_wconf 90' lang='lat' dir='ltr'>sunt</span> <span class='ocrx_word' id='word_1_215' title='bbox 1478 2156 1606 2198; x_wconf 85' lang='lat' dir='ltr'>gene—</span> 
     </span>
     <span class='ocr_line' id='line_1_30' title="bbox 200 2210 1606 2264; baseline -0.001 -12"><span class='ocrx_word' id='word_1_216' title='bbox 200 2210 391 2252; x_wconf 85' lang='lat' dir='ltr'>rationes</span> <span class='ocrx_word' id='word_1_217' title='bbox 422 2210 521 2252; x_wconf 86' lang='lat' dir='ltr'>coeli</span> <span class='ocrx_word' id='word_1_218' title='bbox 546 2214 590 2251; x_wconf 88' lang='lat' dir='ltr'>et</span> <span class='ocrx_word' id='word_1_219' title='bbox 621 2213 763 2259; x_wconf 73' lang='lat' dir='ltr'>terrae,</span> <span class='ocrx_word' id='word_1_220' title='bbox 797 2213 842 2251; x_wconf 89' lang='lat' dir='ltr'>et</span> <span class='ocrx_word' id='word_1_221' title='bbox 868 2212 1036 2259; x_wconf 70' lang='lat' dir='ltr'>caetera,</span> <span class='ocrx_word' id='word_1_222' title='bbox 1059 2210 1231 2264; x_wconf 85' lang='lat' dir='ltr'>quando</span> <span class='ocrx_word' id='word_1_223' title='bbox 1263 2210 1397 2250; x_wconf 83' lang='lat' dir='ltr'>creati</span> <span class='ocrx_word' id='word_1_224' title='bbox 1428 2213 1531 2251; x_wconf 89' lang='lat' dir='ltr'>sunt</span> <span class='ocrx_word' id='word_1_225' title='bbox 1560 2210 1606 2250; x_wconf 90' lang='lat' dir='ltr'>in</span> 
     </span>
     <span class='ocr_line' id='line_1_31' title="bbox 203 2277 1606 2334; baseline -0.002 -14"><span class='ocrx_word' id='word_1_226' title='bbox 203 2279 272 2320; x_wconf 87' lang='lat' dir='ltr'>die</span> <span class='ocrx_word' id='word_1_227' title='bbox 304 2293 391 2334; x_wconf 88' lang='lat' dir='ltr'>qua</span> <span class='ocrx_word' id='word_1_228' title='bbox 421 2278 526 2320; x_wconf 81' lang='lat' dir='ltr'>feeit</span> <span class='ocrx_word' id='word_1_229' title='bbox 557 2277 774 2319; x_wconf 86' lang='lat' dir='ltr'>Dominus</span> <span class='ocrx_word' id='word_1_230' title='bbox 809 2277 968 2319; x_wconf 87' lang='lat' dir='ltr'>coelum</span> <span class='ocrx_word' id='word_1_231' title='bbox 1000 2280 1044 2318; x_wconf 89' lang='lat' dir='ltr'>et</span> <span class='ocrx_word' id='word_1_232' title='bbox 1085 2281 1259 2328; x_wconf 83' lang='lat' dir='ltr'>terram,</span> <span class='ocrx_word' id='word_1_233' title='bbox 1293 2280 1338 2318; x_wconf 90' lang='lat' dir='ltr'>et</span> <span class='ocrx_word' id='word_1_234' title='bbox 1370 2281 1606 2332; x_wconf 86' lang='lat' dir='ltr'>antequam</span> 
     </span>
     <span class='ocr_line' id='line_1_32' title="bbox 202 2345 1608 2402; baseline -0.001 -14"><span class='ocrx_word' id='word_1_235' title='bbox 202 2361 329 2388; x_wconf 90' lang='lat' dir='ltr'>omne</span> <span class='ocrx_word' id='word_1_236' title='bbox 355 2347 595 2402; x_wconf 74' lang='lat' dir='ltr'>virgultum</span> <span class='ocrx_word' id='word_1_237' title='bbox 628 2346 722 2402; x_wconf 87' lang='lat' dir='ltr'>agri</span> <span class='ocrx_word' id='word_1_238' title='bbox 753 2345 940 2387; x_wconf 86' lang='lat' dir='ltr'>oriretur</span> <span class='ocrx_word' id='word_1_239' title='bbox 970 2345 1018 2386; x_wconf 92' lang='lat' dir='ltr'>in</span> <span class='ocrx_word' id='word_1_240' title='bbox 1048 2349 1167 2386; x_wconf 89' lang='lat' dir='ltr'>terra</span> <span class='ocrx_word' id='word_1_241' title='bbox 1204 2359 1301 2400; x_wconf 75' lang='lat' dir='ltr'>quae</span> <span class='ocrx_word' id='word_1_242' title='bbox 1332 2359 1419 2401; x_wconf 92' lang='lat' dir='ltr'>pro.</span> <span class='ocrx_word' id='word_1_243' title='bbox 1453 2348 1530 2387; x_wconf 82' lang='lat' dir='ltr'>ete.</span> <span class='ocrx_word' id='word_1_244' title='bbox 1563 2348 1608 2387; x_wconf 85' lang='lat' dir='ltr'>et</span> 
     </span>
     <span class='ocr_line' id='line_1_33' title="bbox 201 2412 1606 2470; baseline -0.001 -15"><span class='ocrx_word' id='word_1_245' title='bbox 201 2415 454 2470; x_wconf 84' lang='lat' dir='ltr'>priusquam</span> <span class='ocrx_word' id='word_1_246' title='bbox 515 2417 643 2464; x_wconf 83' lang='lat' dir='ltr'>terra,</span> <span class='ocrx_word' id='word_1_247' title='bbox 697 2413 848 2469; x_wconf 90' lang='lat' dir='ltr'>supple</span> <span class='ocrx_word' id='word_1_248' title='bbox 893 2412 1160 2468; x_wconf 84' lang='lat' dir='ltr'>germinaret</span> <span class='ocrx_word' id='word_1_249' title='bbox 1206 2428 1376 2454; x_wconf 90' lang='lat' dir='ltr'>omnem</span> <span class='ocrx_word' id='word_1_250' title='bbox 1428 2413 1606 2454; x_wconf 83' lang='lat' dir='ltr'>herbam</span> 
     </span>
     <span class='ocr_line' id='line_1_34' title="bbox 203 2480 1605 2538; baseline -0.001 -15"><span class='ocrx_word' id='word_1_251' title='bbox 203 2482 403 2538; x_wconf 81' lang='lat' dir='ltr'>regionis.</span> <span class='ocrx_word' id='word_1_252' title='bbox 457 2481 506 2523; x_wconf 81' lang='lat' dir='ltr'>Si</span> <span class='ocrx_word' id='word_1_253' title='bbox 542 2496 648 2523; x_wconf 88' lang='lat' dir='ltr'>vero</span> <span class='ocrx_word' id='word_1_254' title='bbox 679 2485 792 2522; x_wconf 84' lang='lat' dir='ltr'>esset</span> <span class='ocrx_word' id='word_1_255' title='bbox 823 2481 886 2522; x_wconf 86' lang='lat' dir='ltr'>ibi</span> <span class='ocrx_word' id='word_1_256' title='bbox 918 2480 1057 2522; x_wconf 88' lang='lat' dir='ltr'>omnis</span> <span class='ocrx_word' id='word_1_257' title='bbox 1089 2480 1224 2522; x_wconf 86' lang='lat' dir='ltr'>herba</span> <span class='ocrx_word' id='word_1_258' title='bbox 1256 2481 1301 2521; x_wconf 91' lang='lat' dir='ltr'>in</span> <span class='ocrx_word' id='word_1_259' title='bbox 1332 2481 1605 2522; x_wconf 78' lang='lat' dir='ltr'>nominativo</span> 
     </span>
     <span class='ocr_line' id='line_1_35' title="bbox 204 2547 1606 2605; baseline -0.001 -15"><span class='ocrx_word' id='word_1_260' title='bbox 204 2564 317 2601; x_wconf 85' lang='lat' dir='ltr'>casu,</span> <span class='ocrx_word' id='word_1_261' title='bbox 368 2553 474 2591; x_wconf 84' lang='lat' dir='ltr'>tuno</span> <span class='ocrx_word' id='word_1_262' title='bbox 524 2549 695 2605; x_wconf 88' lang='lat' dir='ltr'>planior</span> <span class='ocrx_word' id='word_1_263' title='bbox 746 2552 857 2590; x_wconf 86' lang='lat' dir='ltr'>esset</span> <span class='ocrx_word' id='word_1_264' title='bbox 898 2548 1056 2600; x_wconf 82' lang='lat' dir='ltr'>litera3</span> <span class='ocrx_word' id='word_1_265' title='bbox 1109 2549 1183 2590; x_wconf 86' lang='lat' dir='ltr'>sed</span> <span class='ocrx_word' id='word_1_266' title='bbox 1225 2552 1371 2604; x_wconf 86' lang='lat' dir='ltr'>potest</span> <span class='ocrx_word' id='word_1_267' title='bbox 1416 2547 1606 2603; x_wconf 86' lang='lat' dir='ltr'>suppleri</span> 
     </span>
     <span class='ocr_line' id='line_1_36' title="bbox 205 2614 1605 2671; baseline -0.002 -14"><span class='ocrx_word' id='word_1_268' title='bbox 205 2617 503 2658; x_wconf 85' lang='lat' dir='ltr'>nominativus</span> <span class='ocrx_word' id='word_1_269' title='bbox 535 2631 668 2668; x_wconf 84' lang='lat' dir='ltr'>casus,</span> <span class='ocrx_word' id='word_1_270' title='bbox 701 2617 815 2658; x_wconf 81' lang='lat' dir='ltr'>sieut</span> <span class='ocrx_word' id='word_1_271' title='bbox 862 2620 980 2657; x_wconf 87' lang='lat' dir='ltr'>terra</span> <span class='ocrx_word' id='word_1_272' title='bbox 1012 2630 1109 2670; x_wconf 79' lang='lat' dir='ltr'>quae</span> <span class='ocrx_word' id='word_1_273' title='bbox 1156 2616 1381 2671; x_wconf 85' lang='lat' dir='ltr'>germinet,</span> <span class='ocrx_word' id='word_1_274' title='bbox 1416 2615 1528 2655; x_wconf 79' lang='lat' dir='ltr'>siout</span> <span class='ocrx_word' id='word_1_275' title='bbox 1558 2614 1605 2654; x_wconf 88' lang='lat' dir='ltr'>in</span> 
     </span>
     <span class='ocr_line' id='line_1_37' title="bbox 204 2681 1607 2738; baseline -0.003 -13"><span class='ocrx_word' id='word_1_276' title='bbox 204 2684 336 2724; x_wconf 87' lang='lat' dir='ltr'>tertia</span> <span class='ocrx_word' id='word_1_277' title='bbox 386 2685 455 2725; x_wconf 87' lang='lat' dir='ltr'>die</span> <span class='ocrx_word' id='word_1_278' title='bbox 507 2685 671 2725; x_wconf 82' lang='lat' dir='ltr'>dietum</span> <span class='ocrx_word' id='word_1_279' title='bbox 716 2687 794 2735; x_wconf 82' lang='lat' dir='ltr'>est,</span> <span class='ocrx_word' id='word_1_280' title='bbox 832 2687 859 2705; x_wconf 89' lang='lat'><em>“</em></span> <span class='ocrx_word' id='word_1_281' title='bbox 879 2683 1094 2738; x_wconf 85' lang='lat' dir='ltr'>germinet</span> <span class='ocrx_word' id='word_1_282' title='bbox 1135 2683 1313 2723; x_wconf 87' lang='lat' dir='ltr'>herbam</span> <span class='ocrx_word' id='word_1_283' title='bbox 1354 2681 1607 2723; x_wconf 80' lang='lat' dir='ltr'>virentem.”</span> 
     </span>
     <span class='ocr_line' id='line_1_38' title="bbox 206 2749 1605 2807; baseline -0.003 -14"><span class='ocrx_word' id='word_1_284' title='bbox 206 2751 338 2793; x_wconf 84' lang='lat' dir='ltr'>Unde</span> <span class='ocrx_word' id='word_1_285' title='bbox 369 2766 458 2792; x_wconf 94' lang='lat' dir='ltr'>non</span> <span class='ocrx_word' id='word_1_286' title='bbox 488 2751 830 2807; x_wconf 85' lang='lat' dir='ltr'>intelligendum,</span> <span class='ocrx_word' id='word_1_287' title='bbox 869 2751 985 2805; x_wconf 86' lang='lat' dir='ltr'>quod</span> <span class='ocrx_word' id='word_1_288' title='bbox 1023 2750 1135 2791; x_wconf 82' lang='lat' dir='ltr'>sieut</span> <span class='ocrx_word' id='word_1_289' title='bbox 1167 2750 1286 2790; x_wconf 88' lang='lat' dir='ltr'>Deus</span> <span class='ocrx_word' id='word_1_290' title='bbox 1316 2749 1418 2791; x_wconf 84' lang='lat' dir='ltr'>feeit</span> <span class='ocrx_word' id='word_1_291' title='bbox 1449 2750 1605 2790; x_wconf 83' lang='lat' dir='ltr'>eoelum</span> 
     </span>
     <span class='ocr_line' id='line_1_39' title="bbox 205 2817 1606 2875; baseline -0.001 -14"><span class='ocrx_word' id='word_1_292' title='bbox 205 2823 250 2861; x_wconf 86' lang='lat' dir='ltr'>et</span> <span class='ocrx_word' id='word_1_293' title='bbox 280 2823 443 2861; x_wconf 81' lang='lat' dir='ltr'>terram</span> <span class='ocrx_word' id='word_1_294' title='bbox 472 2819 519 2860; x_wconf 91' lang='lat' dir='ltr'>in</span> <span class='ocrx_word' id='word_1_295' title='bbox 550 2819 773 2875; x_wconf 82' lang='lat' dir='ltr'>principio,</span> <span class='ocrx_word' id='word_1_296' title='bbox 807 2818 922 2873; x_wconf 88' lang='lat' dir='ltr'>quod</span> <span class='ocrx_word' id='word_1_297' title='bbox 953 2818 1102 2860; x_wconf 83' lang='lat' dir='ltr'>feeerit</span> <span class='ocrx_word' id='word_1_298' title='bbox 1142 2817 1334 2874; x_wconf 87' lang='lat' dir='ltr'>virgulta</span> <span class='ocrx_word' id='word_1_299' title='bbox 1365 2821 1409 2859; x_wconf 90' lang='lat' dir='ltr'>et</span> <span class='ocrx_word' id='word_1_300' title='bbox 1439 2817 1606 2867; x_wconf 46' lang='lat' dir='ltr'>herba&amp;</span> 
     </span>
     <span class='ocr_line' id='line_1_40' title="bbox 326 2897 1422 2929; baseline -0.003 0"><span class='ocrx_word' id='word_1_301' title='bbox 326 2898 425 2929; x_wconf 86' lang='lat' dir='ltr'>VOL.</span> <span class='ocrx_word' id='word_1_302' title='bbox 450 2898 476 2929; x_wconf 92' lang='grc' dir='ltr'>Ι.</span> <span class='ocrx_word' id='word_1_303' title='bbox 1332 2897 1366 2926; x_wconf 88' lang='grc' dir='ltr'><strong><em>Η</em></strong></span> <span class='ocrx_word' id='word_1_304' title='bbox 1389 2897 1422 2927; x_wconf 89' lang='grc' dir='ltr'><strong>Η</strong></span> 
     </span>
    </p>
   </div>
   <div class='ocr_carea' id='block_1_4' title="bbox 196 455 217 471">
    <p class='ocr_par' dir='ltr' id='par_1_4' title="bbox 196 455 217 471">
     <span class='ocr_line' id='line_1_41' title="bbox 196 455 217 471; baseline 0.048 -1"><span class='ocrx_word' id='word_1_305' title='bbox 196 455 217 471; x_wconf 69' lang='grc' dir='ltr'>ί(</span> 
     </span>
    </p>
   </div>
   <div class='ocr_carea' id='block_1_5' title="bbox 196 523 218 538">
    <p class='ocr_par' dir='ltr' id='par_1_5' title="bbox 196 523 218 538">
     <span class='ocr_line' id='line_1_42' title="bbox 196 523 218 538; baseline 0 0"><span class='ocrx_word' id='word_1_306' title='bbox 196 523 218 538; x_wconf 74' lang='grc' dir='ltr'>ί(</span> 
     </span>
    </p>
   </div>
   <div class='ocr_carea' id='block_1_6' title="bbox 194 590 216 606">
    <p class='ocr_par' dir='ltr' id='par_1_6' title="bbox 194 590 216 606">
     <span class='ocr_line' id='line_1_43' title="bbox 194 590 216 606; baseline 0 0"><span class='ocrx_word' id='word_1_307' title='bbox 194 590 216 606; x_wconf 69' lang='grc' dir='ltr'>ζ(</span> 
     </span>
    </p>
   </div>
  </div>
 </body>
</html>
