<?xml version="1.0" encoding="UTF-8"?>
<!DOCTYPE html PUBLIC "-//W3C//DTD XHTML 1.0 Transitional//EN"
    "http://www.w3.org/TR/xhtml1/DTD/xhtml1-transitional.dtd">
<html xmlns="http://www.w3.org/1999/xhtml" xml:lang="en" lang="en">
 <head>
  <title>
</title>
<meta http-equiv="Content-Type" content="text/html;charset=utf-8" />
  <meta name='ocr-system' content='tesseract 3.04.00' />
  <meta name='ocr-capabilities' content='ocr_page ocr_carea ocr_par ocr_line ocrx_word'/>
</head>
<body>
  <div class='ocr_page' id='page_1' title='image "./frrogeribaconope00baco_0653.png"; bbox 0 0 1964 3259; ppageno 0'>
   <div class='ocr_carea' id='block_1_1' title="bbox 164 254 1556 312">
    <p class='ocr_par' dir='ltr' id='par_1_1' title="bbox 164 254 1556 312">
     <span class='ocr_line' id='line_1_1' title="bbox 164 254 1556 312; baseline -0.001 -15"><span class='ocrx_word' id='word_1_1' title='bbox 164 258 264 312; x_wconf 66' lang='lat' dir='ltr'>vir]</span> <span class='ocrx_word' id='word_1_2' title='bbox 714 266 950 298; x_wconf 79' lang='lat' dir='ltr'>APPENDIX</span> <span class='ocrx_word' id='word_1_3' title='bbox 984 266 1009 296; x_wconf 87' lang='grc' dir='ltr'>ῐ.</span> <span class='ocrx_word' id='word_1_4' title='bbox 1474 254 1556 296; x_wconf 80' lang='grc'>539</span> 
     </span>
    </p>
   </div>
   <div class='ocr_carea' id='block_1_2' title="bbox 165 383 1574 2491">
    <p class='ocr_par' dir='ltr' id='par_1_2' title="bbox 165 383 1574 2491">
     <span class='ocr_line' id='line_1_2' title="bbox 165 383 1563 436; baseline -0.004 -10"><span class='ocrx_word' id='word_1_5' title='bbox 165 383 357 427; x_wconf 82' lang='lat' dir='ltr'>Plinius¹</span> <span class='ocrx_word' id='word_1_6' title='bbox 392 385 498 426; x_wconf 79' lang='lat' dir='ltr'>xxii.</span> <span class='ocrx_word' id='word_1_7' title='bbox 535 384 647 426; x_wconf 86' lang='lat' dir='ltr'>libro</span> <span class='ocrx_word' id='word_1_8' title='bbox 678 385 847 436; x_wconf 81' lang='lat' dir='ltr'>recitat,</span> <span class='ocrx_word' id='word_1_9' title='bbox 888 383 1074 425; x_wconf 84' lang='lat' dir='ltr'>militem</span> <span class='ocrx_word' id='word_1_10' title='bbox 1121 385 1348 423; x_wconf 85' lang='lat' dir='ltr'>strenuum</span> <span class='ocrx_word' id='word_1_11' title='bbox 1388 394 1563 436; x_wconf 83' lang='lat' dir='ltr'>corpore</span> 
     </span>
     <span class='ocr_line' id='line_1_3' title="bbox 167 449 1565 496; baseline -0.005 -1"><span class='ocrx_word' id='word_1_12' title='bbox 167 456 212 495; x_wconf 87' lang='lat' dir='ltr'>et</span> <span class='ocrx_word' id='word_1_13' title='bbox 243 453 387 495; x_wconf 83' lang='lat' dir='ltr'>animo</span> <span class='ocrx_word' id='word_1_14' title='bbox 419 454 536 496; x_wconf 79' lang='lat' dir='ltr'>ultra</span> <span class='ocrx_word' id='word_1_15' title='bbox 567 456 744 496; x_wconf 79' lang='lat' dir='ltr'>aetatem</span> <span class='ocrx_word' id='word_1_16' title='bbox 788 452 978 494; x_wconf 85' lang='lat' dir='ltr'>hominis</span> <span class='ocrx_word' id='word_1_17' title='bbox 1019 453 1269 492; x_wconf 84' lang='lat' dir='ltr'>consuetam</span> <span class='ocrx_word' id='word_1_18' title='bbox 1302 449 1476 490; x_wconf 77' lang='lat' dir='ltr'>durasse</span> <span class='ocrx_word' id='word_1_19' title='bbox 1518 449 1565 489; x_wconf 88' lang='lat' dir='ltr'>in</span> 
     </span>
     <span class='ocr_line' id='line_1_4' title="bbox 165 517 1564 578; baseline -0.004 -15"><span class='ocrx_word' id='word_1_20' title='bbox 165 536 244 563; x_wconf 82' lang='lat' dir='ltr'>sua</span> <span class='ocrx_word' id='word_1_21' title='bbox 274 522 524 578; x_wconf 85' lang='lat' dir='ltr'>probitate:</span> <span class='ocrx_word' id='word_1_22' title='bbox 559 523 628 564; x_wconf 83' lang='lat' dir='ltr'>cui</span> <span class='ocrx_word' id='word_1_23' title='bbox 659 536 793 578; x_wconf 87' lang='lat' dir='ltr'>quum</span> <span class='ocrx_word' id='word_1_24' title='bbox 829 520 1095 563; x_wconf 82' lang='lat' dir='ltr'>Octavianus</span> <span class='ocrx_word' id='word_1_25' title='bbox 1128 519 1357 575; x_wconf 85' lang='lat' dir='ltr'>Augustus</span> <span class='ocrx_word' id='word_1_26' title='bbox 1390 517 1564 565; x_wconf 85' lang='lat' dir='ltr'>diceret,</span> 
     </span>
     <span class='ocr_line' id='line_1_5' title="bbox 165 586 1564 645; baseline -0.004 -14"><span class='ocrx_word' id='word_1_27' title='bbox 165 589 271 644; x_wconf 86' lang='lat' dir='ltr'>quid</span> <span class='ocrx_word' id='word_1_28' title='bbox 323 590 494 632; x_wconf 81' lang='lat' dir='ltr'>fecisset</span> <span class='ocrx_word' id='word_1_29' title='bbox 534 593 586 632; x_wconf 92' lang='lat' dir='ltr'>ut</span> <span class='ocrx_word' id='word_1_30' title='bbox 626 591 686 632; x_wconf 86' lang='lat' dir='ltr'>sic</span> <span class='ocrx_word' id='word_1_31' title='bbox 727 590 911 641; x_wconf 84' lang='lat' dir='ltr'>viveret,</span> <span class='ocrx_word' id='word_1_32' title='bbox 944 588 1171 645; x_wconf 85' lang='lat' dir='ltr'>respondit</span> <span class='ocrx_word' id='word_1_33' title='bbox 1221 587 1268 628; x_wconf 90' lang='lat' dir='ltr'>in</span> <span class='ocrx_word' id='word_1_34' title='bbox 1319 586 1564 642; x_wconf 61' lang='lat' dir='ltr'>aenigmate,</span> 
     </span>
     <span class='ocr_line' id='line_1_6' title="bbox 165 652 1568 714; baseline -0.004 -15"><span class='ocrx_word' id='word_1_35' title='bbox 165 658 281 713; x_wconf 83' lang='lat' dir='ltr'>quod</span> <span class='ocrx_word' id='word_1_36' title='bbox 313 659 454 700; x_wconf 86' lang='lat' dir='ltr'>oleum</span> <span class='ocrx_word' id='word_1_37' title='bbox 487 659 633 714; x_wconf 82' lang='lat' dir='ltr'>posuit</span> <span class='ocrx_word' id='word_1_38' title='bbox 664 659 859 701; x_wconf 79' lang='lat' dir='ltr'>exterius</span> <span class='ocrx_word' id='word_1_39' title='bbox 890 661 935 699; x_wconf 87' lang='lat' dir='ltr'>et</span> <span class='ocrx_word' id='word_1_40' title='bbox 966 657 1157 698; x_wconf 83' lang='lat' dir='ltr'>mulsum</span> <span class='ocrx_word' id='word_1_41' title='bbox 1183 655 1375 696; x_wconf 85' lang='lat' dir='ltr'>interius.</span> <span class='ocrx_word' id='word_1_42' title='bbox 1432 652 1568 710; x_wconf 85' lang='lat' dir='ltr'>[Mul-</span> 
     </span>
     <span class='ocr_line' id='line_1_7' title="bbox 166 721 1568 782; baseline -0.004 -16"><span class='ocrx_word' id='word_1_43' title='bbox 166 740 260 767; x_wconf 87' lang='lat' dir='ltr'>sum</span> <span class='ocrx_word' id='word_1_44' title='bbox 310 731 457 769; x_wconf 81' lang='lat' dir='ltr'>autem</span> <span class='ocrx_word' id='word_1_45' title='bbox 488 727 622 769; x_wconf 82' lang='lat' dir='ltr'>habet</span> <span class='ocrx_word' id='word_1_46' title='bbox 667 731 762 769; x_wconf 91' lang='lat' dir='ltr'>octo</span> <span class='ocrx_word' id='word_1_47' title='bbox 794 730 938 782; x_wconf 82' lang='lat' dir='ltr'>partes</span> <span class='ocrx_word' id='word_1_48' title='bbox 983 740 1107 781; x_wconf 75' lang='lat' dir='ltr'>aquae</span> <span class='ocrx_word' id='word_1_49' title='bbox 1152 728 1196 766; x_wconf 89' lang='lat' dir='ltr'>et</span> <span class='ocrx_word' id='word_1_50' title='bbox 1238 738 1396 765; x_wconf 70' lang='lat' dir='ltr'>novem</span> <span class='ocrx_word' id='word_1_51' title='bbox 1429 721 1568 763; x_wconf 86' lang='lat' dir='ltr'>mellis</span> 
     </span>
     <span class='ocr_line' id='line_1_8' title="bbox 166 791 1566 852; baseline -0.004 -16"><span class='ocrx_word' id='word_1_52' title='bbox 166 795 401 836; x_wconf 85' lang='lat' dir='ltr'>secundum</span> <span class='ocrx_word' id='word_1_53' title='bbox 432 796 657 852; x_wconf 78' lang='lat' dir='ltr'>auctores]</span> <span class='ocrx_word' id='word_1_54' title='bbox 678 795 693 818; x_wconf 74' lang='lat'><strong>²</strong></span> <span class='ocrx_word' id='word_1_55' title='bbox 776 795 862 837; x_wconf 86' lang='lat' dir='ltr'>Sed</span> <span class='ocrx_word' id='word_1_56' title='bbox 895 798 1044 849; x_wconf 79' lang='lat' dir='ltr'>postea</span> <span class='ocrx_word' id='word_1_57' title='bbox 1076 791 1267 834; x_wconf 79' lang='lat' dir='ltr'>similia3</span> <span class='ocrx_word' id='word_1_58' title='bbox 1297 791 1438 832; x_wconf 76' lang='lat' dir='ltr'>multa</span> <span class='ocrx_word' id='word_1_59' title='bbox 1468 804 1566 831; x_wconf 86' lang='lat' dir='ltr'>con-</span> 
     </span>
     <span class='ocr_line' id='line_1_9' title="bbox 165 859 1568 918; baseline -0.004 -14"><span class='ocrx_word' id='word_1_60' title='bbox 165 863 374 918; x_wconf 82' lang='lat' dir='ltr'>tigerunt.</span> <span class='ocrx_word' id='word_1_61' title='bbox 437 863 553 904; x_wconf 84' lang='lat' dir='ltr'>Nam</span> <span class='ocrx_word' id='word_1_62' title='bbox 596 863 782 904; x_wconf 87' lang='lat' dir='ltr'>rusticus</span> <span class='ocrx_word' id='word_1_63' title='bbox 826 862 1033 903; x_wconf 85' lang='lat' dir='ltr'>effodiens</span> <span class='ocrx_word' id='word_1_64' title='bbox 1069 862 1115 902; x_wconf 90' lang='lat' dir='ltr'>in</span> <span class='ocrx_word' id='word_1_65' title='bbox 1148 859 1311 916; x_wconf 82' lang='lat' dir='ltr'>campis</span> <span class='ocrx_word' id='word_1_66' title='bbox 1342 873 1439 900; x_wconf 90' lang='lat' dir='ltr'>cum</span> <span class='ocrx_word' id='word_1_67' title='bbox 1477 873 1568 898; x_wconf 68' lang='lat' dir='ltr'>ara-</span> 
     </span>
     <span class='ocr_line' id='line_1_10' title="bbox 165 925 1569 985; baseline -0.004 -14"><span class='ocrx_word' id='word_1_68' title='bbox 165 933 245 982; x_wconf 75' lang='lat' dir='ltr'>tro,</span> <span class='ocrx_word' id='word_1_69' title='bbox 280 945 356 972; x_wconf 76' lang='lat' dir='ltr'>vas</span> <span class='ocrx_word' id='word_1_70' title='bbox 388 945 567 972; x_wconf 80' lang='lat' dir='ltr'>aureum</span> <span class='ocrx_word' id='word_1_71' title='bbox 597 945 694 972; x_wconf 88' lang='lat' dir='ltr'>cum</span> <span class='ocrx_word' id='word_1_72' title='bbox 739 930 905 985; x_wconf 77' lang='lat' dir='ltr'>liquore</span> <span class='ocrx_word' id='word_1_73' title='bbox 948 929 1088 971; x_wconf 85' lang='lat' dir='ltr'>nobili</span> <span class='ocrx_word' id='word_1_74' title='bbox 1135 928 1318 977; x_wconf 87' lang='lat' dir='ltr'>invenit,</span> <span class='ocrx_word' id='word_1_75' title='bbox 1362 930 1406 968; x_wconf 90' lang='lat' dir='ltr'>et</span> <span class='ocrx_word' id='word_1_76' title='bbox 1454 925 1569 968; x_wconf 67' lang='lat' dir='ltr'>festi-</span> 
     </span>
     <span class='ocr_line' id='line_1_11' title="bbox 166 997 1569 1050; baseline -0.003 -11"><span class='ocrx_word' id='word_1_77' title='bbox 166 1013 290 1039; x_wconf 76' lang='lat' dir='ltr'>mans</span> <span class='ocrx_word' id='word_1_78' title='bbox 332 1013 471 1040; x_wconf 86' lang='lat' dir='ltr'>rorem</span> <span class='ocrx_word' id='word_1_79' title='bbox 517 998 615 1040; x_wconf 81' lang='lat' dir='ltr'>coeli</span> <span class='ocrx_word' id='word_1_80' title='bbox 657 999 769 1040; x_wconf 79' lang='lat' dir='ltr'>lavit</span> <span class='ocrx_word' id='word_1_81' title='bbox 821 997 973 1040; x_wconf 85' lang='lat' dir='ltr'>faciem</span> <span class='ocrx_word' id='word_1_82' title='bbox 1019 1002 1062 1039; x_wconf 91' lang='lat' dir='ltr'>et</span> <span class='ocrx_word' id='word_1_83' title='bbox 1103 997 1255 1048; x_wconf 79' lang='lat' dir='ltr'>bibit3</span> <span class='ocrx_word' id='word_1_84' title='bbox 1289 999 1334 1037; x_wconf 92' lang='lat' dir='ltr'>et</span> <span class='ocrx_word' id='word_1_85' title='bbox 1381 1009 1569 1050; x_wconf 86' lang='lat' dir='ltr'>corpore,</span> 
     </span>
     <span class='ocr_line' id='line_1_12' title="bbox 166 1063 1568 1122; baseline -0.004 -14"><span class='ocrx_word' id='word_1_86' title='bbox 166 1070 210 1108; x_wconf 79' lang='lat' dir='ltr'>et</span> <span class='ocrx_word' id='word_1_87' title='bbox 241 1067 408 1122; x_wconf 87' lang='lat' dir='ltr'>spiritu,</span> <span class='ocrx_word' id='word_1_88' title='bbox 443 1071 487 1109; x_wconf 92' lang='lat' dir='ltr'>et</span> <span class='ocrx_word' id='word_1_89' title='bbox 521 1067 720 1109; x_wconf 75' lang='lat' dir='ltr'>bonitate</span> <span class='ocrx_word' id='word_1_90' title='bbox 753 1067 982 1122; x_wconf 73' lang='lat' dir='ltr'>sapientia]</span> <span class='ocrx_word' id='word_1_91' title='bbox 1013 1069 1260 1113; x_wconf 76' lang='lat' dir='ltr'>renovatus,</span> <span class='ocrx_word' id='word_1_92' title='bbox 1296 1065 1348 1106; x_wconf 86' lang='lat' dir='ltr'>de</span> <span class='ocrx_word' id='word_1_93' title='bbox 1379 1063 1568 1105; x_wconf 81' lang='lat' dir='ltr'>bubulco</span> 
     </span>
     <span class='ocr_line' id='line_1_13' title="bbox 166 1133 1569 1191; baseline -0.003 -15"><span class='ocrx_word' id='word_1_94' title='bbox 166 1135 306 1176; x_wconf 81' lang='lat' dir='ltr'>factus</span> <span class='ocrx_word' id='word_1_95' title='bbox 354 1139 419 1176; x_wconf 89' lang='lat' dir='ltr'>est</span> <span class='ocrx_word' id='word_1_96' title='bbox 452 1135 624 1191; x_wconf 76' lang='lat' dir='ltr'>bajulus</span> <span class='ocrx_word' id='word_1_97' title='bbox 655 1135 768 1191; x_wconf 78' lang='lat' dir='ltr'>regis</span> <span class='ocrx_word' id='word_1_98' title='bbox 801 1134 992 1186; x_wconf 58' lang='lat' dir='ltr'>Sicilire3</span> <span class='ocrx_word' id='word_1_99' title='bbox 1034 1134 1150 1189; x_wconf 85' lang='lat' dir='ltr'>quod</span> <span class='ocrx_word' id='word_1_100' title='bbox 1181 1133 1338 1175; x_wconf 83' lang='lat' dir='ltr'>accidit</span> <span class='ocrx_word' id='word_1_101' title='bbox 1374 1135 1569 1187; x_wconf 87' lang='lat' dir='ltr'>tempore</span> 
     </span>
     <span class='ocr_line' id='line_1_14' title="bbox 166 1200 1569 1259; baseline -0.004 -15"><span class='ocrx_word' id='word_1_102' title='bbox 166 1203 279 1259; x_wconf 80' lang='lat' dir='ltr'>regis</span> <span class='ocrx_word' id='word_1_103' title='bbox 312 1203 536 1245; x_wconf 74' lang='lat' dir='ltr'>Wilhelmi</span> <span class='ocrx_word' id='word_1_104' title='bbox 554 1220 563 1255; x_wconf 79' lang='lat'>3</span> <span class='ocrx_word' id='word_1_105' title='bbox 606 1206 650 1244; x_wconf 84' lang='lat' dir='ltr'>et</span> <span class='ocrx_word' id='word_1_106' title='bbox 681 1203 915 1259; x_wconf 82' lang='lat' dir='ltr'>probatum</span> <span class='ocrx_word' id='word_1_107' title='bbox 948 1205 1014 1243; x_wconf 88' lang='lat' dir='ltr'>est</span> <span class='ocrx_word' id='word_1_108' title='bbox 1046 1201 1300 1243; x_wconf 83' lang='lat' dir='ltr'>testimonio</span> <span class='ocrx_word' id='word_1_109' title='bbox 1346 1200 1569 1255; x_wconf 79' lang='lat' dir='ltr'>papalium</span> 
     </span>
     <span class='ocr_line' id='line_1_15' title="bbox 166 1268 1570 1326; baseline -0.003 -14"><span class='ocrx_word' id='word_1_110' title='bbox 166 1272 404 1322; x_wconf 83' lang='lat' dir='ltr'>literarum,</span> <span class='ocrx_word' id='word_1_111' title='bbox 449 1271 565 1326; x_wconf 80' lang='lat' dir='ltr'>quod</span> <span class='ocrx_word' id='word_1_112' title='bbox 598 1271 869 1313; x_wconf 80' lang='lat' dir='ltr'>Alemannus</span> <span class='ocrx_word' id='word_1_113' title='bbox 921 1270 1101 1326; x_wconf 77' lang='lat' dir='ltr'>quidam</span> <span class='ocrx_word' id='word_1_114' title='bbox 1153 1269 1402 1325; x_wconf 78' lang='lat' dir='ltr'>captivatus</span> <span class='ocrx_word' id='word_1_115' title='bbox 1454 1268 1570 1308; x_wconf 83' lang='lat' dir='ltr'>inter</span> 
     </span>
     <span class='ocr_line' id='line_1_16' title="bbox 169 1337 1570 1395; baseline -0.004 -14"><span class='ocrx_word' id='word_1_116' title='bbox 169 1339 406 1381; x_wconf 80' lang='lat' dir='ltr'>Saracenos</span> <span class='ocrx_word' id='word_1_117' title='bbox 437 1339 600 1395; x_wconf 83' lang='lat' dir='ltr'>recepit</span> <span class='ocrx_word' id='word_1_118' title='bbox 631 1340 904 1389; x_wconf 78' lang='lat' dir='ltr'>medicinam,</span> <span class='ocrx_word' id='word_1_119' title='bbox 930 1354 1017 1395; x_wconf 82' lang='lat' dir='ltr'>qua</span> <span class='ocrx_word' id='word_1_120' title='bbox 1048 1353 1184 1393; x_wconf 86' lang='lat' dir='ltr'>usque</span> <span class='ocrx_word' id='word_1_121' title='bbox 1218 1337 1273 1378; x_wconf 84' lang='lat' dir='ltr'>ad</span> <span class='ocrx_word' id='word_1_122' title='bbox 1306 1337 1570 1392; x_wconf 81' lang='lat' dir='ltr'>quingentos</span> 
     </span>
     <span class='ocr_line' id='line_1_17' title="bbox 167 1405 1571 1464; baseline -0.004 -15"><span class='ocrx_word' id='word_1_123' title='bbox 167 1423 304 1449; x_wconf 78' lang='lat' dir='ltr'>annos</span> <span class='ocrx_word' id='word_1_124' title='bbox 345 1409 440 1449; x_wconf 70' lang='lat' dir='ltr'>vita</span> <span class='ocrx_word' id='word_1_125' title='bbox 481 1423 558 1450; x_wconf 74' lang='lat' dir='ltr'>sua</span> <span class='ocrx_word' id='word_1_126' title='bbox 601 1408 862 1464; x_wconf 79' lang='lat' dir='ltr'>prolongata</span> <span class='ocrx_word' id='word_1_127' title='bbox 913 1411 989 1449; x_wconf 88' lang='lat' dir='ltr'>est.</span> <span class='ocrx_word' id='word_1_128' title='bbox 1067 1406 1184 1448; x_wconf 77' lang='lat' dir='ltr'>Nam</span> <span class='ocrx_word' id='word_1_129' title='bbox 1235 1420 1313 1447; x_wconf 76' lang='lat' dir='ltr'>rex</span> <span class='ocrx_word' id='word_1_130' title='bbox 1351 1405 1425 1460; x_wconf 83' lang='lat' dir='ltr'>qui</span> <span class='ocrx_word' id='word_1_131' title='bbox 1473 1418 1571 1445; x_wconf 87' lang='lat' dir='ltr'>eum</span> 
     </span>
     <span class='ocr_line' id='line_1_18' title="bbox 167 1473 1570 1532; baseline -0.004 -14"><span class='ocrx_word' id='word_1_132' title='bbox 167 1477 383 1518; x_wconf 77' lang='lat' dir='ltr'>habuerat</span> <span class='ocrx_word' id='word_1_133' title='bbox 427 1477 662 1532; x_wconf 78' lang='lat' dir='ltr'>captivum,</span> <span class='ocrx_word' id='word_1_134' title='bbox 702 1477 866 1532; x_wconf 81' lang='lat' dir='ltr'>recepit</span> <span class='ocrx_word' id='word_1_135' title='bbox 898 1476 1012 1531; x_wconf 82' lang='lat' dir='ltr'>regis</span> <span class='ocrx_word' id='word_1_136' title='bbox 1055 1474 1204 1531; x_wconf 78' lang='lat' dir='ltr'>magni</span> <span class='ocrx_word' id='word_1_137' title='bbox 1245 1473 1425 1515; x_wconf 87' lang='lat' dir='ltr'>nuntios</span> <span class='ocrx_word' id='word_1_138' title='bbox 1473 1487 1570 1514; x_wconf 86' lang='lat' dir='ltr'>cum</span> 
     </span>
     <span class='ocr_line' id='line_1_19' title="bbox 167 1541 1571 1599; baseline -0.004 -13"><span class='ocrx_word' id='word_1_139' title='bbox 167 1545 247 1586; x_wconf 82' lang='lat' dir='ltr'>hac</span> <span class='ocrx_word' id='word_1_140' title='bbox 309 1545 526 1586; x_wconf 77' lang='lat' dir='ltr'>medicina</span> <span class='ocrx_word' id='word_1_141' title='bbox 545 1561 554 1595; x_wconf 81' lang='lat'><em>3</em></span> <span class='ocrx_word' id='word_1_142' title='bbox 603 1544 677 1586; x_wconf 82' lang='lat' dir='ltr'>sed</span> <span class='ocrx_word' id='word_1_143' title='bbox 730 1544 832 1599; x_wconf 77' lang='lat' dir='ltr'>quia</span> <span class='ocrx_word' id='word_1_144' title='bbox 889 1559 983 1585; x_wconf 74' lang='lat' dir='ltr'>eam</span> <span class='ocrx_word' id='word_1_145' title='bbox 1046 1546 1291 1598; x_wconf 78' lang='lat' dir='ltr'>suspectam</span> <span class='ocrx_word' id='word_1_146' title='bbox 1345 1541 1571 1592; x_wconf 76' lang='lat' dir='ltr'>habuerat,</span> 
     </span>
     <span class='ocr_line' id='line_1_20' title="bbox 168 1608 1572 1668; baseline -0.004 -14"><span class='ocrx_word' id='word_1_147' title='bbox 168 1614 310 1654; x_wconf 86' lang='lat' dir='ltr'>voluit</span> <span class='ocrx_word' id='word_1_148' title='bbox 340 1613 521 1668; x_wconf 86' lang='lat' dir='ltr'>probare</span> <span class='ocrx_word' id='word_1_149' title='bbox 553 1613 600 1654; x_wconf 86' lang='lat' dir='ltr'>in</span> <span class='ocrx_word' id='word_1_150' title='bbox 633 1613 807 1668; x_wconf 77' lang='lat' dir='ltr'>captivo</span> <span class='ocrx_word' id='word_1_151' title='bbox 840 1612 956 1667; x_wconf 84' lang='lat' dir='ltr'>quod</span> <span class='ocrx_word' id='word_1_152' title='bbox 988 1612 1132 1652; x_wconf 84' lang='lat' dir='ltr'>suerat</span> <span class='ocrx_word' id='word_1_153' title='bbox 1163 1611 1203 1652; x_wconf 87' lang='lat' dir='ltr'>ei</span> <span class='ocrx_word' id='word_1_154' title='bbox 1236 1609 1438 1651; x_wconf 77' lang='lat' dir='ltr'>delatum.</span> <span class='ocrx_word' id='word_1_155' title='bbox 1504 1608 1572 1650; x_wconf 82' lang='lat' dir='ltr'>Si-</span> 
     </span>
     <span class='ocr_line' id='line_1_21' title="bbox 169 1678 1573 1734; baseline -0.004 -11"><span class='ocrx_word' id='word_1_156' title='bbox 169 1682 332 1723; x_wconf 87' lang='lat' dir='ltr'>militer</span> <span class='ocrx_word' id='word_1_157' title='bbox 364 1681 540 1723; x_wconf 76' lang='lat' dir='ltr'>domina</span> <span class='ocrx_word' id='word_1_158' title='bbox 573 1682 626 1723; x_wconf 85' lang='lat' dir='ltr'>de</span> <span class='ocrx_word' id='word_1_159' title='bbox 661 1681 850 1722; x_wconf 87' lang='lat' dir='ltr'>Nemore</span> <span class='ocrx_word' id='word_1_160' title='bbox 894 1680 941 1721; x_wconf 86' lang='lat' dir='ltr'>in</span> <span class='ocrx_word' id='word_1_161' title='bbox 974 1679 1207 1721; x_wconf 75' lang='lat' dir='ltr'>Britannia</span> <span class='ocrx_word' id='word_1_162' title='bbox 1242 1678 1410 1734; x_wconf 63' lang='lat' dir='ltr'>Majofi,</span> <span class='ocrx_word' id='word_1_163' title='bbox 1455 1692 1573 1733; x_wconf 57' lang='lat' dir='ltr'>qure-</span> 
     </span>
     <span class='ocr_line' id='line_1_22' title="bbox 169 1747 1571 1805; baseline -0.004 -12"><span class='ocrx_word' id='word_1_164' title='bbox 169 1765 267 1793; x_wconf 84' lang='lat' dir='ltr'>rens</span> <span class='ocrx_word' id='word_1_165' title='bbox 300 1766 471 1793; x_wconf 76' lang='lat' dir='ltr'>cervam</span> <span class='ocrx_word' id='word_1_166' title='bbox 523 1751 680 1802; x_wconf 81' lang='lat' dir='ltr'>albam,</span> <span class='ocrx_word' id='word_1_167' title='bbox 724 1750 897 1791; x_wconf 82' lang='lat' dir='ltr'>invenit</span> <span class='ocrx_word' id='word_1_168' title='bbox 938 1747 1244 1805; x_wconf 46' lang='lat' dir='ltr'>unguentum?</span> <span class='ocrx_word' id='word_1_169' title='bbox 1297 1762 1381 1803; x_wconf 86' lang='lat' dir='ltr'>quo</span> <span class='ocrx_word' id='word_1_170' title='bbox 1427 1751 1571 1788; x_wconf 82' lang='lat' dir='ltr'>custos</span> 
     </span>
     <span class='ocr_line' id='line_1_23' title="bbox 169 1815 1572 1875; baseline -0.004 -15"><span class='ocrx_word' id='word_1_171' title='bbox 169 1820 357 1862; x_wconf 84' lang='lat' dir='ltr'>nemoris</span> <span class='ocrx_word' id='word_1_172' title='bbox 399 1835 441 1862; x_wconf 87' lang='lat' dir='ltr'>se</span> <span class='ocrx_word' id='word_1_173' title='bbox 473 1822 740 1875; x_wconf 74' lang='lat' dir='ltr'>perunxerat</span> <span class='ocrx_word' id='word_1_174' title='bbox 771 1819 817 1859; x_wconf 90' lang='lat' dir='ltr'>in</span> <span class='ocrx_word' id='word_1_175' title='bbox 849 1821 943 1860; x_wconf 84' lang='lat' dir='ltr'>toto</span> <span class='ocrx_word' id='word_1_176' title='bbox 975 1832 1160 1874; x_wconf 86' lang='lat' dir='ltr'>corpore,</span> <span class='ocrx_word' id='word_1_177' title='bbox 1200 1820 1493 1873; x_wconf 78' lang='lat' dir='ltr'>praeterquam</span> <span class='ocrx_word' id='word_1_178' title='bbox 1525 1815 1572 1856; x_wconf 87' lang='lat' dir='ltr'>in</span> 
     </span>
     <span class='ocr_line' id='line_1_24' title="bbox 170 1885 1569 1943; baseline -0.004 -14"><span class='ocrx_word' id='word_1_179' title='bbox 170 1889 332 1943; x_wconf 80' lang='lat' dir='ltr'>plantis</span> <span class='ocrx_word' id='word_1_180' title='bbox 350 1904 359 1939; x_wconf 80' lang='lat'>3</span> <span class='ocrx_word' id='word_1_181' title='bbox 392 1888 467 1943; x_wconf 81' lang='lat' dir='ltr'>qui</span> <span class='ocrx_word' id='word_1_182' title='bbox 499 1888 617 1929; x_wconf 77' lang='lat' dir='ltr'>vixit</span> <span class='ocrx_word' id='word_1_183' title='bbox 647 1887 854 1929; x_wconf 72' lang='lat' dir='ltr'>trecentis</span> <span class='ocrx_word' id='word_1_184' title='bbox 886 1887 1012 1928; x_wconf 77' lang='lat' dir='ltr'>annis</span> <span class='ocrx_word' id='word_1_185' title='bbox 1045 1887 1137 1927; x_wconf 88' lang='lat' dir='ltr'>sine</span> <span class='ocrx_word' id='word_1_186' title='bbox 1169 1885 1460 1941; x_wconf 83' lang='lat' dir='ltr'>corruptione,</span> <span class='ocrx_word' id='word_1_187' title='bbox 1495 1898 1569 1924; x_wconf 75' lang='lat' dir='ltr'>ex·</span> 
     </span>
     <span class='ocr_line' id='line_1_25' title="bbox 171 1953 1572 2012; baseline -0.004 -14"><span class='ocrx_word' id='word_1_188' title='bbox 171 1957 306 2012; x_wconf 83' lang='lat' dir='ltr'>ceptis</span> <span class='ocrx_word' id='word_1_189' title='bbox 338 1957 498 2012; x_wconf 80' lang='lat' dir='ltr'>pedum</span> <span class='ocrx_word' id='word_1_190' title='bbox 545 1955 826 2012; x_wconf 76' lang='lat' dir='ltr'>passionibus.</span> <span class='ocrx_word' id='word_1_191' title='bbox 907 1955 966 1997; x_wconf 87' lang='lat' dir='ltr'>Et</span> <span class='ocrx_word' id='word_1_192' title='bbox 996 1955 1157 2011; x_wconf 81' lang='lat' dir='ltr'>pluries</span> <span class='ocrx_word' id='word_1_193' title='bbox 1202 1953 1372 2009; x_wconf 72' lang='lat' dir='ltr'>experti</span> <span class='ocrx_word' id='word_1_194' title='bbox 1424 1966 1572 1993; x_wconf 86' lang='lat' dir='ltr'>sumus</span> 
     </span>
     <span class='ocr_line' id='line_1_26' title="bbox 170 2021 1571 2081; baseline -0.002 -16"><span class='ocrx_word' id='word_1_195' title='bbox 170 2025 330 2067; x_wconf 84' lang='lat' dir='ltr'>nostris</span> <span class='ocrx_word' id='word_1_196' title='bbox 362 2024 643 2081; x_wconf 86' lang='lat' dir='ltr'>temporibus,</span> <span class='ocrx_word' id='word_1_197' title='bbox 678 2024 794 2079; x_wconf 82' lang='lat' dir='ltr'>quod</span> <span class='ocrx_word' id='word_1_198' title='bbox 836 2023 1031 2064; x_wconf 85' lang='lat' dir='ltr'>homines</span> <span class='ocrx_word' id='word_1_199' title='bbox 1068 2023 1231 2064; x_wconf 84' lang='lat' dir='ltr'>rurales</span> <span class='ocrx_word' id='word_1_200' title='bbox 1263 2022 1357 2063; x_wconf 87' lang='lat' dir='ltr'>sine</span> <span class='ocrx_word' id='word_1_201' title='bbox 1389 2021 1571 2063; x_wconf 86' lang='lat' dir='ltr'>consilio</span> 
     </span>
     <span class='ocr_line' id='line_1_27' title="bbox 170 2089 1571 2135; baseline -0.004 -1"><span class='ocrx_word' id='word_1_202' title='bbox 170 2094 436 2135; x_wconf 88' lang='lat' dir='ltr'>medicorum</span> <span class='ocrx_word' id='word_1_203' title='bbox 477 2092 687 2134; x_wconf 76' lang='lat' dir='ltr'>vixerunt</span> <span class='ocrx_word' id='word_1_204' title='bbox 724 2095 899 2134; x_wconf 90' lang='lat' dir='ltr'>centum</span> <span class='ocrx_word' id='word_1_205' title='bbox 932 2095 976 2133; x_wconf 90' lang='lat' dir='ltr'>et</span> <span class='ocrx_word' id='word_1_206' title='bbox 1021 2092 1077 2132; x_wconf 80' lang='lat' dir='ltr'>lx.</span> <span class='ocrx_word' id='word_1_207' title='bbox 1111 2091 1237 2132; x_wconf 81' lang='lat' dir='ltr'>annis</span> <span class='ocrx_word' id='word_1_208' title='bbox 1287 2090 1360 2131; x_wconf 82' lang='lat' dir='ltr'>vel</span> <span class='ocrx_word' id='word_1_209' title='bbox 1392 2089 1571 2131; x_wconf 81' lang='lat' dir='ltr'>circiter.</span> 
     </span>
     <span class='ocr_line' id='line_1_28' title="bbox 173 2158 1571 2216; baseline -0.004 -13"><span class='ocrx_word' id='word_1_210' title='bbox 173 2161 282 2204; x_wconf 77' lang='lat' dir='ltr'>Haec</span> <span class='ocrx_word' id='word_1_211' title='bbox 335 2162 468 2203; x_wconf 74' lang='lat' dir='ltr'>etiam</span> <span class='ocrx_word' id='word_1_212' title='bbox 520 2161 834 2203; x_wconf 85' lang='lat' dir='ltr'>confirmantur</span> <span class='ocrx_word' id='word_1_213' title='bbox 884 2175 960 2216; x_wconf 90' lang='lat' dir='ltr'>per</span> <span class='ocrx_word' id='word_1_214' title='bbox 1012 2174 1143 2215; x_wconf 86' lang='lat' dir='ltr'>opera</span> <span class='ocrx_word' id='word_1_215' title='bbox 1192 2158 1476 2209; x_wconf 78' lang='lat' dir='ltr'>animalium3</span> <span class='ocrx_word' id='word_1_216' title='bbox 1519 2160 1571 2198; x_wconf 88' lang='lat' dir='ltr'>ut</span> 
     </span>
     <span class='ocr_line' id='line_1_29' title="bbox 173 2226 1574 2286; baseline -0.004 -14"><span class='ocrx_word' id='word_1_217' title='bbox 173 2231 299 2280; x_wconf 86' lang='lat' dir='ltr'>cervi,</span> <span class='ocrx_word' id='word_1_218' title='bbox 339 2234 383 2272; x_wconf 88' lang='lat' dir='ltr'>et</span> <span class='ocrx_word' id='word_1_219' title='bbox 415 2230 582 2286; x_wconf 58' lang='lat' dir='ltr'>aquilae,</span> <span class='ocrx_word' id='word_1_220' title='bbox 622 2233 666 2271; x_wconf 89' lang='lat' dir='ltr'>et</span> <span class='ocrx_word' id='word_1_221' title='bbox 697 2231 927 2285; x_wconf 48' lang='lat' dir='ltr'>serpentes</span> <span class='ocrx_word' id='word_1_222' title='bbox 963 2232 1007 2270; x_wconf 91' lang='lat' dir='ltr'>et</span> <span class='ocrx_word' id='word_1_223' title='bbox 1037 2228 1177 2269; x_wconf 78' lang='lat' dir='ltr'>multa</span> <span class='ocrx_word' id='word_1_224' title='bbox 1227 2226 1323 2278; x_wconf 79' lang='lat' dir='ltr'>alia,</span> <span class='ocrx_word' id='word_1_225' title='bbox 1368 2240 1466 2282; x_wconf 76' lang='lat' dir='ltr'>quae</span> <span class='ocrx_word' id='word_1_226' title='bbox 1497 2240 1574 2281; x_wconf 87' lang='lat' dir='ltr'>per</span> 
     </span>
     <span class='ocr_line' id='line_1_30' title="bbox 170 2293 1572 2353; baseline -0.004 -12"><span class='ocrx_word' id='word_1_227' title='bbox 170 2299 361 2341; x_wconf 88' lang='lat' dir='ltr'>virtutes</span> <span class='ocrx_word' id='word_1_228' title='bbox 411 2298 643 2340; x_wconf 81' lang='lat' dir='ltr'>herbarum</span> <span class='ocrx_word' id='word_1_229' title='bbox 676 2302 720 2339; x_wconf 90' lang='lat' dir='ltr'>et</span> <span class='ocrx_word' id='word_1_230' title='bbox 751 2297 946 2353; x_wconf 78' lang='lat' dir='ltr'>lapidum</span> <span class='ocrx_word' id='word_1_231' title='bbox 999 2311 1120 2337; x_wconf 75' lang='lat' dir='ltr'>suam</span> <span class='ocrx_word' id='word_1_232' title='bbox 1162 2297 1378 2337; x_wconf 77' lang='lat' dir='ltr'>renovant</span> <span class='ocrx_word' id='word_1_233' title='bbox 1413 2293 1572 2349; x_wconf 83' lang='lat' dir='ltr'>juven·-</span> 
     </span>
     <span class='ocr_line' id='line_1_31' title="bbox 172 2362 1573 2422; baseline -0.004 -13"><span class='ocrx_word' id='word_1_234' title='bbox 172 2371 324 2410; x_wconf 86' lang='lat' dir='ltr'>tutem.</span> <span class='ocrx_word' id='word_1_235' title='bbox 408 2368 467 2409; x_wconf 88' lang='lat' dir='ltr'>Et</span> <span class='ocrx_word' id='word_1_236' title='bbox 498 2367 594 2409; x_wconf 85' lang='lat' dir='ltr'>ideo</span> <span class='ocrx_word' id='word_1_237' title='bbox 635 2366 851 2422; x_wconf 83' lang='lat' dir='ltr'>sapientes</span> <span class='ocrx_word' id='word_1_238' title='bbox 893 2365 1109 2407; x_wconf 83' lang='lat' dir='ltr'>dederunt</span> <span class='ocrx_word' id='word_1_239' title='bbox 1151 2378 1195 2406; x_wconf 87' lang='lat' dir='ltr'>se</span> <span class='ocrx_word' id='word_1_240' title='bbox 1226 2363 1282 2405; x_wconf 85' lang='lat' dir='ltr'>ad</span> <span class='ocrx_word' id='word_1_241' title='bbox 1322 2362 1573 2418; x_wconf 85' lang='lat' dir='ltr'>hujusmodi</span> 
     </span>
     <span class='ocr_line' id='line_1_32' title="bbox 173 2430 1574 2491; baseline -0.004 -13"><span class='ocrx_word' id='word_1_242' title='bbox 173 2440 395 2487; x_wconf 81' lang='lat' dir='ltr'>secretum,</span> <span class='ocrx_word' id='word_1_243' title='bbox 429 2436 609 2478; x_wconf 78' lang='lat' dir='ltr'>excitati</span> <span class='ocrx_word' id='word_1_244' title='bbox 636 2434 848 2491; x_wconf 74' lang='lat' dir='ltr'>exemplis</span> <span class='ocrx_word' id='word_1_245' title='bbox 878 2434 1121 2484; x_wconf 84' lang='lat' dir='ltr'>brutorum,</span> <span class='ocrx_word' id='word_1_246' title='bbox 1155 2432 1421 2476; x_wconf 70' lang='lat' dir='ltr'>aestimantes</span> <span class='ocrx_word' id='word_1_247' title='bbox 1458 2430 1574 2487; x_wconf 88' lang='lat' dir='ltr'>quod</span> 
     </span>
    </p>
   </div>
   <div class='ocr_carea' id='block_1_3' title="bbox 176 2669 1573 2819">
    <p class='ocr_par' dir='ltr' id='par_1_3' title="bbox 176 2669 1573 2819">
     <span class='ocr_line' id='line_1_33' title="bbox 221 2669 1289 2716; baseline -0.006 -9"><span class='ocrx_word' id='word_1_248' title='bbox 221 2675 229 2694; x_wconf 84' lang='lat'>¹</span> <span class='ocrx_word' id='word_1_249' title='bbox 248 2674 391 2716; x_wconf 80' lang='lat' dir='ltr'>Plinius]</span> <span class='ocrx_word' id='word_1_250' title='bbox 418 2672 504 2706; x_wconf 80' lang='lat' dir='ltr'>xxii.</span> <span class='ocrx_word' id='word_1_251' title='bbox 522 2676 573 2706; x_wconf 80' lang='lat'>24.</span> <span class='ocrx_word' id='word_1_252' title='bbox 952 2672 963 2690; x_wconf 84' lang='lat'><strong>³</strong></span> <span class='ocrx_word' id='word_1_253' title='bbox 979 2670 1114 2713; x_wconf 80' lang='lat' dir='ltr'>similia]</span> <span class='ocrx_word' id='word_1_254' title='bbox 1134 2680 1196 2702; x_wconf 85' lang='lat' dir='ltr'>om.</span> <span class='ocrx_word' id='word_1_255' title='bbox 1215 2669 1289 2701; x_wconf 87' lang='lat' dir='ltr'>MS.</span> 
     </span>
     <span class='ocr_line' id='line_1_34' title="bbox 221 2721 1573 2768; baseline -0.005 -9"><span class='ocrx_word' id='word_1_256' title='bbox 221 2729 233 2747; x_wconf 78' lang='lat'><strong>²</strong></span> <span class='ocrx_word' id='word_1_257' title='bbox 249 2726 392 2759; x_wconf 40' lang='lat' dir='ltr'>*Mulsum</span> <span class='ocrx_word' id='word_1_258' title='bbox 417 2751 424 2759; x_wconf 92' lang='lat'>.</span> <span class='ocrx_word' id='word_1_259' title='bbox 451 2752 458 2759; x_wconf 93' lang='lat'><em>.</em></span> <span class='ocrx_word' id='word_1_260' title='bbox 483 2751 491 2760; x_wconf 86' lang='lat'>.</span> <span class='ocrx_word' id='word_1_261' title='bbox 515 2724 678 2768; x_wconf 74' lang='lat' dir='ltr'>auctores]</span> <span class='ocrx_word' id='word_1_262' title='bbox 713 2735 776 2758; x_wconf 86' lang='lat' dir='ltr'>om.</span> <span class='ocrx_word' id='word_1_263' title='bbox 803 2725 838 2759; x_wconf 87' lang='lat' dir='ltr'>C.</span> <span class='ocrx_word' id='word_1_264' title='bbox 953 2725 964 2742; x_wconf 74' lang='lat'>⁴</span> <span class='ocrx_word' id='word_1_265' title='bbox 982 2723 1098 2755; x_wconf 76' lang='lat' dir='ltr'>invenit</span> <span class='ocrx_word' id='word_1_266' title='bbox 1124 2721 1330 2764; x_wconf 72' lang='lat' dir='ltr'>unquentum]</span> <span class='ocrx_word' id='word_1_267' title='bbox 1365 2725 1573 2763; x_wconf 81' lang='lat' dir='ltr'>unguentum</span> 
     </span>
     <span class='ocr_line' id='line_1_35' title="bbox 176 2764 1194 2819; baseline -0.004 -6"><span class='ocrx_word' id='word_1_268' title='bbox 176 2780 250 2813; x_wconf 83' lang='lat' dir='ltr'>MS.</span> <span class='ocrx_word' id='word_1_269' title='bbox 871 2764 879 2806; x_wconf 68' lang='lat' dir='ltr'>i</span> <span class='ocrx_word' id='word_1_270' title='bbox 910 2777 1104 2819; x_wconf 82' lang='lat' dir='ltr'>composuit,</span> <span class='ocrx_word' id='word_1_271' title='bbox 1121 2776 1194 2809; x_wconf 83' lang='lat' dir='ltr'>MS.</span> 
     </span>
    </p>
   </div>
  </div>
 </body>
</html>
