1964 3259
393 259 449 302 34
898 267 1069 300 ROGERI
1100 263 1293 300 BAcoms
1684 259 1801 316 [cAP.

165 399 240 423 mar
255 388 294 422 of
392 382 689 436 inveniuntur,
743 384 819 440 qui
863 384 1008 427 sciunt
1049 385 1171 441 loqui
1213 384 1426 436 Graecum,
1469 386 1513 425 et
1546 382 1800 435 Arabicum,

164 434 346 523 {gffi‘ffgelsffn'
394 454 438 494 et
497 451 749 504 Hebraeum,
816 452 932 495 inter
1000 453 1194 506 Latinos,
1248 453 1323 496 sed
1385 452 1635 509 paucissimi
1697 455 1801 494 sunt

394 520 471 576 qui
491 519 506 543 ¹
551 521 694 564 sciunt
744 521 962 564 rationem
1008 522 1304 578 grammaticae
1354 521 1504 578 ipsius,
1548 535 1628 563 nec
1659 520 1802 562 sciunt

395 589 546 632 (100616
597 604 722 631 eam:
776 590 949 632 tentavi
1001 590 1117 633 enim
1168 590 1418 647 permultos.
1511 588 1637 632 Sicut
1684 588 1802 631 enim

393 657 495 700 la'i'ci
555 658 796 714 loquuntur
855 659 1029 714 linguas
1091 673 1198 715 quas
1268 658 1511 710 addiscunt,
1565 661 1611 701 et
1666 656 1802 699 nesci-

394 729 478 768 unt
529 726 742 771 rationem
793 727 1099 784 grammaticae,
1153 727 1212 770 sic
1263 731 1329 770 est
1385 727 1438 769 de
1489 726 1595 768 istis.
1677 725 1803 768 Vidi-

395 808 492 836 mus
553 795 670 837 enim
721 796 882 838 multos
943 796 1086 849 laicos,
1150 796 1226 851 qui
1288 795 1451 852 optime
1511 794 1804 851 loquebantur

396 862 618 916 Latinum,
651 866 696 906 et
737 866 887 906 tamen
929 864 1041 906 nihil
1084 864 1306 907 sciverunt
1352 865 1404 906 de
1447 864 1608 920 regulis
1659 877 1802 919 gram-

393 931 595 984 maticae3
626 935 671 974 et
700 931 760 973 sic
791 935 857 974 est
888 933 1016 975 modo
1048 933 1101 975 de
1133 933 1334 975 omnibus
1376 931 1577 974 Hebraeis
1617 930 1718 981 fere,
1761 934 1806 973 et

393 999 594 1041 similiter
627 1000 679 1042 de
723 999 885 1042 Graecis
925 1000 1052 1051 veris,
1095 1015 1184 1042 non
1225 1001 1364 1042 60111111
1406 1001 1459 1043 (16
1510 999 1687 1042 Latinis
1728 999 1804 1054 qui

170 1072 240 1105 Not
255 1083 339 1106 even
394 1067 537 1109 sciunt
569 1067 768 1110 Graecum
801 1071 846 1109 et
878 1067 1129 1111 Hebraeum.
1193 1068 1310 1111 Nam
1354 1068 1535 1111 Hebraei
1577 1071 1622 1110 et
1663 1067 1804 1110 Graeci

168 1118 318 1195 ἆῖζέιςζΐ
393 1135 635 1177 amiserunt
670 1134 933 1191 sapientiam
976 1136 1062 1178 Dei
1103 1139 1149 1178 et
1189 1135 1450 1192 sapientiam
1501 1135 1800 1191 philosophiae,

167 1207 373 1242 themselves.
391 1203 456 1245 ita
490 1204 607 1259 quod
637 1204 885 1260 paucissimi
917 1219 1067 1247 eorum
1098 1205 1241 1247 sciunt
1282 1205 1433 1246 docere
1473 1203 1803 1260 grammaticam

390 1273 615 1323 veraciter,
648 1288 746 1315 cum
777 1273 917 1315 causis
949 1277 993 1316 et
1024 1273 1269 1315 rationibus
1300 1273 1542 1324 reddendis,
1576 1272 1688 1314 sicut
1722 1286 1802 1313 nos

392 1340 541 1382 Latini
566 1341 724 1383 scimus
750 1356 827 1398 per
854 1341 987 1383 libros
1010 1341 1230 1384 Prisciani.
1284 1341 1344 1383 Et
1364 1341 1509 1382 nullus
1541 1354 1703 1391 eorum,
1726 1340 1800 1395 qui

390 1409 520 1452 scivit
562 1410 729 1465 aliquid
772 1410 826 1452 de
869 1409 1043 1467 linguis,
1089 1413 1155 1452 est
1188 1409 1265 1466 qui
1308 1410 1416 1452 sciat
1468 1409 1679 1451 scientias.
1742 1408 1802 1450 Et

389 1477 487 1520 ideo
533 1477 767 1520 transferre
815 1492 904 1520 non
950 1482 1144 1534 possunt,
1193 1493 1273 1520 nec
1313 1492 1520 1534 magnam
1560 1477 1801 1520 utilitatem

389 1545 538 1597 facere,
562 1561 642 1588 nec
670 1560 715 1588 se
748 1546 1055 1588 intromittimt
1088 1547 1141 1588 de
1168 1546 1305 1588 studii
1335 1548 1566 1602 potestate,
1601 1544 1802 1601 quamvis

165 1623 341 1675 Necessity
387 1612 493 1654 100111
542 1613 764 1668 adjutores
815 1617 958 1656 essent
1009 1617 1054 1656 et
1104 1614 1343 1656 necessarii.
1407 1612 1626 1670 Oportet²
1665 1613 1803 1669 igitur

163 1669 354 1755 ἓξιξωὲὲξ·
389 1681 529 1736 primo
560 1681 719 1723 habere
751 1681 947 1723 homines
988 1681 1150 1737 peritos
1190 1682 1238 1723 in
1277 1681 1440 1737 linguis
1471 1681 1636 1733 alienis,
1680 1684 1725 1722 et
1755 1680 1802 1721 hi

164 1768 185 1789 a
200 1738 329 1790 critical
389 1748 542 1790 haberi
572 1763 662 1791 non
692 1751 876 1805 possunt
907 1749 998 1792 sine
1030 1750 1200 1806 magnis
1232 1749 1443 1805 expensis.
1507 1748 1567 1791 Et
1598 1748 1802 1790 similiter

163 1808 349 1890 ῗξξῇἓζξῗ
391 1819 562 1872 oportet
628 1816 789 1858 habere
849 1816 982 1858 libros
1033 1817 1213 1858 aliarum
1268 1817 1518 1872 linguarum
1578 1816 1799 1872 plurimos,

164 1892 256 1924 these
268 1894 327 1925 de-
389 1884 553 1926 scilicet
594 1883 648 1926 de
678 1885 974 1941 grammatica,
1018 1888 1062 1926 et
1103 1887 1252 1927 textus
1294 1885 1565 1941 singularum
1606 1884 1796 1940 partium

164 1937 255 1968 feets.
388 1953 688 2010 philosophiae,
740 1955 792 1994 ut
843 1953 1099 1995 viderentur
1150 1953 1343 1995 defectus
1394 1955 1440 1995 et
1489 1952 1703 1994 falsitates
1753 1953 1802 1994 in

389 2022 607 2065 codicibus
649 2021 917 2064 Latinorum.
986 2021 1075 2064 Sed
1129 2021 1176 2063 hi
1238 2021 1342 2063 libri
1393 2024 1438 2064 et
1487 2020 1557 2064 hae
1608 2035 1803 2077 personae

389 2105 479 2132 non
509 2093 692 2146 possunt
741 2089 964 2146 procurari
1004 2089 1098 2133 sine
1138 2089 1408 2147 principibus
1439 2092 1484 2133 et
1514 2090 1719 2148 praelatis,
1752 2094 1804 2133 ut

390 2158 671 2202 manifestum
692 2161 769 2201 est.

991 2303 1096 2346 CAP.
1131 2303 1209 2346 XI.

172 2415 349 2448 Excellent
457 2411 681 2456 SECUNDA
721 2412 852 2454 radix
891 2412 1022 2454 istius
1065 2411 1333 2455 difficultatis
1375 2414 1441 2453 est
1477 2410 1595 2466 quod
1631 2414 1802 2467 oporte-

170 2461 370 2538 ἷξοῖζξῗζζο
396 2483 465 2522 ret
504 2480 664 2522 habere
701 2479 1036 2521 mathematicos
1073 2478 1274 2534 optimos,
1311 2478 1387 2533 qui
1419 2493 1510 2520 non
1541 2478 1681 2520 solum
1722 2480 1800 2522 sci-

172 2550 336 2591 required.
398 2550 497 2590 rent
538 2562 598 2598 ea,
632 2562 730 2603 quae
770 2547 988 2589 translata
1029 2549 1133 2588 sunt
1175 2550 1220 2588 et
1261 2546 1386 2598 facta,
1431 2547 1507 2588 sed
1549 2546 1709 2589 addere
1746 2549 1802 2590 ad

172 2595 350 2670 Ξὲζᾞῖῗ
398 2630 529 2672 opera
562 2630 724 2667 60111111,
757 2616 873 2671 (111οᾶ
905 2618 971 2657 est
1002 2614 1127 2656 facile
1157 2614 1283 2656 bonis
1305 2615 1636 2658 mathematicis.
1698 2615 1802 2658 Non

172 2683 351 2759 ‘gsssfflavting
397 2688 501 2727 sunt
529 2684 646 2726 enim
677 2683 762 2725 nisi
794 2684 881 2725 duo
922 2682 1113 2740 perfecti,
1152 2682 1316 2725 scilicet
1343 2684 1551 2740 magister
1586 2683 1616 2725 J
1619 2697 1654 2725 0.
1689 2682 1804 2725 Lon-

443 2879 452 2897 ¹
470 2878 541 2920 qui]
570 2877 656 2919 quia,
673 2878 711 2910 B.
1081 2875 1090 2920 Ι
1159 2878 1170 2895 ²
1197 2876 1348 2918 Oportet]
1377 2876 1561 2917 Oporteret,
1579 2877 1616 2909 B.
1635 2881 1668 2909 et
1683 2876 1780 2910 infra.
