1964 3259
243 274 411 330 xxvii]
755 283 869 316 opvs
900 283 1109 315 TERTIUM.
1547 274 1627 314 101

244 397 442 440 cantibus
470 396 739 446 naturaliter,
770 395 882 438 sicut
910 396 1044 451 probo
1079 394 1378 451 multipliciter
1413 409 1489 451 per
1526 394 1633 436 Avi-

243 480 432 507 (tonnam.
511 466 569 506 Et
605 467 711 505 tunc
746 463 966 505 considero
999 461 1235 518 quomodo¹
1269 477 1358 504 vox
1393 462 1635 517 imponitur

243 534 436 583 univoce,
473 532 684 588 quomodo
721 531 954 587 aequivoce,
989 534 1034 572 et
1075 535 1181 587 quot
1222 531 1360 572 modis
1402 534 1634 585 quantum-

243 616 432 656 cunque3
454 605 498 642 et
520 599 732 655 quomodo
754 599 973 655 analogice
996 603 1040 640 et
1062 602 1168 654 quot
1190 599 1337 640 modis
1382 598 1441 640 Et
1463 598 1637 653 quando

243 670 424 710 univoce
457 668 683 724 significat,
721 670 767 708 et
799 671 946 708 tamen
982 670 1126 722 potest
1167 667 1408 722 significare
1450 667 1635 717 infinita,

243 737 342 778 licet
382 750 471 777 non
512 750 587 791 per
627 735 957 791 impositionem,
1004 749 1081 776 nec
1135 734 1367 790 eequivoce,
1415 749 1494 776 nec
1534 749 1635 775 ana-

242 804 388 859 logice,
432 804 666 846 secundum
703 803 852 845 modos
895 816 1143 844 communes
1184 802 1408 859 analogiae.
1472 802 1530 843 Et
1562 818 1635 844 ex-

241 871 370 926 pressi
415 871 629 927 quomodo
670 885 759 913 vox
801 871 1041 927 imponitur
1074 870 1282 922 Creatori,
1324 874 1369 912 et
1420 871 1636 926 quomodo

241 941 446 982 creaturae
483 939 678 995 simplici,
718 943 762 981 et
800 939 1014 995 quomodo
1046 938 1295 995 composito.
1357 937 1418 981 Et
1452 937 1639 995 qualiter

240 1006 450 1048 absolutis
500 1007 629 1048 rebus
680 1007 931 1063 imponitur,
982 1010 1026 1049 et
1079 1007 1294 1063 quomodo
1340 1007 1500 1049 relatis.
1579 1007 1638 1049 Et

241 1075 414 1129 quando
447 1075 629 1117 univoce
657 1075 885 1131 significat,
915 1079 959 1118 et
990 1080 1138 1117 tamen
1169 1076 1295 1118 simul
1329 1076 1471 1117 multa
1505 1076 1636 1132 signi-

242 1143 353 1192 ficat,
399 1143 615 1185 declaravi
656 1143 772 1199 quod
814 1143 1072 1186 naturaliter
1113 1148 1157 1185 et
1199 1159 1288 1185 non
1330 1145 1387 1185 ad
1429 1144 1639 1200 placitum

243 1210 460 1266 significat
494 1211 579 1252 illa.
663 1212 722 1253 Et
757 1211 833 1252 illa
861 1211 926 1271 510
961 1212 1204 1268 significata
1237 1212 1496 1254 naturaliter
1537 1216 1640 1255 sunt

241 1279 500 1320 connotata‘2
542 1279 659 1335 apud
700 1279 931 1336 theologos.
1008 1280 1066 1321 Et
1108 1281 1297 1336 expressi
1339 1281 1552 1336 quomodo
1595 1285 1640 1322 et

245 1349 351 1400 quot
392 1361 466 1402 per
510 1347 689 1388 nomina
740 1347 891 1389 divina
938 1351 1120 1403 possunt
1168 1348 1423 1400 connotari,3
1475 1352 1519 1390 et
1563 1363 1639 1405 per

246 1414 425 1455 nomina
474 1418 766 1456 creaturarum
802 1415 1072 1471 simplicium,
1121 1419 1165 1457 et
1210 1417 1554 1472 compositarum,
1595 1421 1638 1458 et

245 1482 556 1532 absolutarum,
580 1497 628 1524 ac
649 1483 891 1525 relatarum.
955 1483 1014 1525 Et
1043 1484 1102 1525 sic
1124 1498 1200 1539 per
1229 1484 1374 1525 omnia
1397 1484 1489 1539 jam
1521 1485 1640 1526 dicta

244 1550 478 1591 terminavi
512 1551 672 1592 multas
708 1551 1003 1593 dubitationes
1043 1566 1206 1608 graves,
1251 1555 1296 1594 et
1332 1552 1492 1594 multas
1528 1555 1637 1595 veri-

243 1619 368 1668 tates,
406 1632 481 1673 per
518 1632 624 1673 quas
657 1618 802 1660 omnia
836 1619 1041 1672 sciuntur,
1076 1634 1173 1675 quae
1208 1620 1288 1662 sub
1323 1621 1563 1676 quaestione
1596 1626 1640 1664 et

242 1685 516 1727 dubitatione
539 1690 775 1729 versantur.

303 1753 519 1796 Caeterum
548 1755 816 1797 consideravi
841 1755 1052 1811 quomodo
1074 1770 1163 1799 vox
1189 1756 1236 1798 in
1264 1756 1489 1814 Scriptura
1510 1757 1640 1801 Sacra
1661 1763 1759 1806 signs
1785 1763 1851 1814 {md

241 1821 456 1877 significat
497 1837 672 1865 sensum
715 1824 986 1879 spiritualem
1028 1840 1125 1867 cum
1163 1825 1334 1875 literali,
1389 1833 1432 1868 et
1481 1827 1638 1882 quibus
1654 1810 1869 1894 {ffissssffip-

242 1890 381 1930 modis
410 1890 549 1945 signi,
588 1894 632 1932 et
661 1892 877 1946 quomodo
906 1906 1055 1934 sensus
1088 1893 1269 1934 literalis
1303 1894 1522 1950 significat
1550 1896 1635 1952 spi-
1656 1902 1739 1929 ture.

242 1957 474 2009 ritualem3
507 1961 551 1999 et
584 1959 798 2013 quomodo
831 1959 969 2001 Vetus
1000 1960 1327 2003 Testamentum
1362 1966 1427 2004 est
1463 1963 1637 2019 signum

243 2024 286 2064 N
291 2025 392 2076 ovi3
427 2028 472 2066 et
513 2027 728 2080 quomodo
771 2032 1040 2070 sacramenta
1072 2033 1175 2071 sunt
1217 2030 1369 2087 signa3
1412 2034 1457 2073 et
1498 2033 1638 2074 multa

243 2091 511 2134 intermiscui
542 2094 762 2146 difficili-<13
797 2099 848 2136 ut
876 2096 928 2137 de
960 2097 1110 2152 lingua
1141 2098 1282 2153 prima
1310 2100 1419 2142 Adae
1454 2103 1498 2141 et
1532 2116 1635 2155 qua-

242 2158 341 2202 liter
363 2161 483 2203 dedit
504 2162 681 2204 nomina
709 2163 863 2216 rebus3
897 2169 941 2206 et
972 2180 1028 2206 an
1053 2167 1176 2221 pueri
1204 2167 1251 2208 in
1274 2167 1442 2210 deserto
1476 2170 1635 2211 nutriti

242 2229 389 2284 aliqua
439 2230 590 2286 lingua
636 2246 712 2287 per
752 2247 796 2273 se
837 2235 1073 2283 uterentur,
1119 2238 1163 2276 et
1204 2235 1239 2276 si
1277 2235 1507 2278 obviarent
1553 2237 1637 2279 sibi

241 2296 429 2340 invicem
460 2299 674 2354 quomodo
703 2304 878 2343 mutuos
912 2301 1154 2344 indicarent
1182 2303 1390 2356 affectus3
1425 2308 1469 2347 et
1497 2306 1636 2348 multa

242 2365 328 2407 alia
369 2381 465 2422 quae
508 2382 596 2409 non
637 2382 811 2424 possum
853 2370 982 2412 modo
1018 2371 1242 2427 explicare.
1312 2373 1445 2416 Unde
1481 2379 1634 2430 reputo

241 2433 351 2476 hanc
392 2439 560 2491 partem
613 2437 910 2493 grammaticae
955 2454 1121 2482 summe
1173 2442 1455 2484 necessariam
1511 2443 1633 2485 theo—

240 2502 378 2557 logiae,
434 2506 478 2545 et
530 2504 824 2561 philosophiae,
871 2511 916 2549 et
962 2507 1045 2550 toti
1088 2508 1326 2565 sapientiae.
1411 2511 1470 2552 Et
1501 2512 1634 2567 probo

242 2572 355 2625 quod
404 2571 461 2613 sit
506 2587 606 2627 pars
647 2575 944 2629 grammaticae
988 2579 1031 2617 et
1073 2591 1162 2618 non
1213 2578 1391 2620 alterius
1419 2580 1632 2636 [scientiae.

286 2805 292 2826 ¹
311 2809 474 2852 quomodo]
502 2821 585 2853 quae,
614 2811 651 2842 B.
1002 2817 1013 2836 ³
1030 2818 1219 2861 connotari]
1248 2821 1434 2858 convocari,
1457 2822 1493 2854 B.
1513 2822 1554 2855 Ui

286 2862 297 2879 ²
312 2864 495 2905 connotata]
523 2871 711 2905 convocata,
735 2866 773 2899 B.
791 2866 833 2900 U.
