1964 3259
184 1797 344 1839 Prosodyc

410 272 495 315 514
917 281 1089 313 ROGERI
1122 280 1315 312 BACONrs
1708 271 1822 328 [oAr.

408 406 454 444 et
485 401 739 458 penultima,
763 403 807 443 et
839 401 999 442 ultima
1030 401 1211 456 syllaba.
1276 399 1409 441 Unde
1435 399 1521 441 tria
1552 399 1646 442 loca
1677 401 1819 444 habet.

410 471 728 514 Circumflexus
770 470 904 512 habet
950 473 1127 512 tantum
1169 469 1255 510 duo
1296 469 1400 519 loca,
1434 469 1597 511 scilicet
1633 471 1821 526 penulti-

408 555 525 582 mam
568 544 612 583 et
654 539 866 581 ultimam.
931 538 1018 582 Sed
1065 553 1200 594 quum
1247 538 1405 579 ultima
1449 541 1514 580 est
1560 539 1822 581 naturaliter

406 609 538 666 longa
588 623 678 651 non
728 612 878 650 manet
925 612 1077 650 acutus
1129 610 1332 650 accentus
1378 607 1425 649 in
1473 608 1822 664 antepenultima

408 679 482 720 sed
513 678 560 720 in
591 677 848 734 penultima,
871 679 923 719 ut
945 677 1041 719 dico
1075 676 1260 733 ἅγγελος,
1284 675 1332 717 in
1362 675 1638 718 nominativo
1671 677 1821 720 Graeco

408 747 525 789 cadit
561 750 715 789 acutus
760 749 963 789 accentus
1006 760 1135 802 super
1177 745 1571 801 antepenultimam
1613 745 1717 801 quia
1757 746 1823 788 ul-

406 817 515 859 tima
555 816 701 858 brevis
743 819 820 867 est,
854 819 899 858 et
941 816 1001 858 sic
1034 815 1154 872 apud
1190 829 1268 857 nos
1301 829 1399 857 cum
1433 815 1596 857 dicitur
1627 816 1817 872 angelus.

409 885 495 928 Sed
537 886 585 927 in
624 885 822 942 genitivo
863 900 964 927 casu
995 899 1093 927 cum
1126 884 1286 926 dicitur
1328 883 1494 939 angeli,
1529 884 1634 940 quia
1664 885 1820 926 ultima

407 958 472 997 est
503 954 766 997 naturaliter
796 954 937 1009 longa,
971 954 1070 996 ideo
1102 953 1275 995 acuitur
1305 953 1559 1009 penultima.
1624 953 1684 995 Et
1715 957 1820 995 tunc

406 1024 569 1066 transit
614 1027 768 1066 acutus
812 1026 1014 1065 accentus
1061 1022 1114 1064 de
1154 1037 1244 1063 una
1287 1022 1456 1077 syllaba
1499 1022 1555 1063 ad
1600 1022 1729 1063 aliam
1773 1022 1820 1064 in

406 1094 666 1136 formatione
703 1093 989 1149 obliquorum,
1024 1093 1100 1148 qui
1142 1093 1309 1134 habent
1340 1092 1602 1134 naturaliter
1631 1092 1818 1148 longam.

408 1162 493 1206 Sed
535 1163 581 1205 in
622 1162 692 1204 his
733 1162 810 1218 qui
850 1162 1016 1204 habent
1046 1162 1224 1203 brevem
1265 1161 1482 1212 ultimam,
1523 1160 1822 1202 assimilantur

406 1232 691 1282 nominativo,
714 1234 766 1273 ut
789 1229 965 1288 ἄγγελον
991 1230 1038 1272 in
1059 1230 1306 1273 accusativo
1337 1229 1473 1271 habet
1503 1233 1678 1271 acutam
1710 1244 1819 1271 sem-

406 1317 483 1358 per
535 1301 979 1359 [ante]penultimam.
1044 1300 1259 1343 Similiter
1299 1299 1604 1342 circumflexus
1660 1300 1821 1342 transit

407 1372 454 1412 in
496 1371 686 1427 obliquis
727 1371 776 1412 in
817 1369 963 1412 alium.
1028 1369 1144 1412 Nam
1187 1384 1286 1411 oum
1328 1368 1425 1411 dico
1464 1368 1621 1411 ‘rhimco
1665 1369 1818 1427 (ῥῆμα),

406 1440 525 1496 quod
555 1440 671 1482 idem
703 1443 771 1482 est
803 1439 920 1495 quod
956 1437 1142 1481 verbum
1173 1438 1220 1480 in
1260 1438 1432 1490 Latino,
1466 1438 1608 1494 prima
1639 1438 1819 1481 circum-

406 1510 611 1560 flectitur,
646 1509 721 1551 sed
762 1509 810 1551 in
841 1507 1051 1564 genitivo,
1082 1507 1200 1563 quod
1239 1510 1305 1549 est
1336 1506 1558 1549 ‘Haimatos
1601 1506 1818 1566 (ῥῆματος),

406 1595 495 1622 non
525 1584 686 1629 manet,
718 1594 768 1621 eo
803 1579 919 1634 quod
950 1578 1013 1620 ibi
1049 1592 1138 1619 non
1174 1580 1320 1633 potest
1356 1577 1708 1633 antepenultima
1739 1577 1818 1619 cir-

407 1649 653 1700 cumfiecti3
696 1651 741 1690 et
773 1648 870 1689 ideo
901 1649 1101 1688 mutatur
1143 1645 1446 1688 circumflexus
1487 1647 1534 1686 in
1566 1650 1742 1688 acutum
1775 1650 1819 1689 et

408 1720 578 1762 acuitur
608 1718 751 1775 prima
780 1718 828 1759 in
858 1716 1056 1773 genitivo
1089 1718 1133 1757 et
1164 1716 1280 1772 perit
1311 1716 1623 1757 circumflexus.

469 1789 529 1830 Et
559 1788 657 1830 ideo
699 1789 953 1843 pertranseo
986 1785 1043 1826 ad
1074 1784 1181 1826 alias
1219 1784 1441 1840 prosodias
1484 1787 1573 1826 tres
1615 1799 1713 1840 quae
1743 1799 1820 1827 vo-

408 1861 563 1900 cantur
594 1855 828 1912 improprie
870 1854 1113 1911 prosodiae3
1154 1857 1370 1896 vocantur
1411 1853 1639 1909 passiones.
1702 1853 1818 1895 Nam

407 1926 611 1983 prosodia
653 1925 771 1981 apud
819 1924 992 1967 Graecos
1039 1922 1257 1964 dividitur
1306 1921 1354 1963 in
1406 1921 1627 1978 propriam
1672 1937 1818 1978 proso-

409 1996 538 2047 diam,
572 1998 616 2037 et
653 1998 791 2044 tonos,
833 1995 877 2035 et
923 1990 1155 2049 passiones.
1220 1990 1280 2033 Et
1311 1991 1453 2047 prima
1498 1991 1681 2032 istarum
1722 2006 1820 2048 pas-

408 2065 580 2107 sionum
632 2065 815 2105 vocatur
866 2059 1114 2117 apostrofos
1166 2059 1403 2102 secundum
1456 2059 1667 2103 Graecum.
1760 2060 1819 2103 Et

408 2134 593 2176 Latinus
645 2132 753 2173 dicit
804 2130 1093 2187 apostrophus
1136 2128 1207 2171 vel
1258 2128 1550 2185 apostrophe3
1602 2132 1647 2171 et
1692 2132 1820 2171 notat

408 2202 590 2245 dictioni
622 2199 885 2258 praecedenti
917 2198 1049 2240 aliam
1081 2197 1235 2239 deesse¹
1268 2212 1288 2239 e
1329 2197 1533 2239 ultimam
1563 2197 1654 2253 ejus
1695 2212 1820 2241 voca-

407 2273 502 2314 lem.
565 2270 625 2312 Et
657 2270 749 2325 ejus
783 2269 926 2325 figura
961 2270 1027 2309 est
1059 2266 1184 2323 quasi
1216 2281 1316 2322 pars
1350 2266 1499 2307 circuli
1534 2266 1692 2308 dextra
1724 2268 1818 2323 ())‚

408 2340 524 2382 unde
577 2343 644 2381 est
691 2337 846 2379 similis
897 2335 1026 2378 alteri
1078 2335 1319 2391 figurarum
1371 2335 1652 2391 aspirationis
1695 2336 1816 2387 lenis,

409 2424 507 2464 quae
549 2406 667 2464 peili
700 2408 912 2456 vocatur3
943 2406 996 2444 ut
1028 2403 1101 2459 epi
1135 2404 1229 2459 (ἐπὶ)
1268 2403 1385 2445 idem
1419 2407 1484 2445 est
1530 2404 1646 2459 quod
1677 2419 1818 2460 super,

410 2480 454 2519 et
496 2476 648 2519 himas
697 2473 846 2530 (ἡμᾶς),
895 2472 1010 2513 idem
1063 2475 1128 2513 est
1181 2472 1296 2527 quod
1347 2486 1437 2523 nos,
1481 2472 1528 2512 in
1571 2472 1817 2514 accusativo

409 2561 486 2602 pro
528 2545 624 2587 istis
659 2542 828 2585 duabus
866 2539 1132 2582 dictionibus
1164 2539 1238 2595 epi
1269 2539 1434 2592 himas,
1473 2539 1521 2581 id
1567 2542 1644 2593 est,
1689 2555 1819 2597 super

410 2630 499 2665 nos,
536 2611 739 2656 scribitur
775 2614 819 2653 et
856 2609 1173 2666 pronuntiatur
1217 2608 1340 2664 quasi
1386 2611 1498 2650 esset
1540 2624 1629 2650 una
1672 2610 1817 2662 dictio,

411 2684 573 2726 scilicet
604 2680 808 2738 ephimas
859 2678 938 2735 (ἐφ’
980 2677 1111 2735 ἡμᾶς).
1175 2676 1262 2720 Sed
1312 2692 1402 2719 non
1448 2680 1514 2719 est
1564 2692 1654 2719 una
1684 2678 1817 2720 dictio

410 2754 544 2794 immo
577 2752 685 2803 duae,
719 2753 764 2791 et
805 2763 881 2805 per
912 2746 1225 2803 apostrophum
1273 2746 1497 2789 auferatur
1539 2747 1698 2788 ultima
1737 2762 1816 2789 vo-

410 2821 512 2863 calis
542 2820 674 2877 hujus
704 2816 1026 2874 praepositionis
1069 2814 1143 2872 epi
1175 2812 1287 2872 (ἐπί).
1351 2815 1410 2857 Et
1439 2819 1546 2858 nota
1581 2815 1711 2871 hujus
1752 2820 1817 2858 est

410 2904 510 2947 pars
571 2888 719 2931 circuli
770 2888 937 2937 dextra,
992 2899 1088 2941 quae
1149 2884 1411 2940 supponitur
1459 2884 1714 2927 consonanti
1759 2884 1816 2941 pi
