1964 3259
135 395 288 428 remarks

137 449 179 471 on
197 440 264 472 this

136 485 273 526 subject.

371 257 457 297 388
882 263 1053 294 11061111
1084 262 1278 294 1311601116

367 396 466 423 111111
517 384 562 423 et
613 379 871 422 animalium
932 382 976 422 et
1038 379 1278 430 hominum,
1334 380 1572 422 secundum
1634 396 1782 424 omnes

367 450 642 492 diversitates
674 463 832 490 eorum.
897 447 983 490 Sed
1014 448 1234 505 persuasio
1259 462 1450 504 praesens
1482 463 1571 489 non
1601 450 1780 504 permit-

365 519 423 560 tit
454 519 564 561 hanc
596 518 906 574 prolixitatem.
972 517 1198 573 Scriptura
1240 517 1356 558 enim
1394 517 1656 574 principalis,
1690 533 1781 560 non

364 588 505 629 solum
549 587 652 637 haec,
687 601 785 642 quae
833 585 972 641 tetigi,
1008 586 1061 627 de
1104 586 1292 628 metallis
1341 589 1385 628 et
1431 586 1691 628 humoribus
1735 590 1780 629 et

364 655 589 697 elementis
636 655 769 696 habet
813 654 946 696 latius
990 655 1217 710 explicare,
1273 655 1349 696 sed
1392 655 1589 696 omnium
1640 655 1779 697 mine-

362 724 520 766 ralium
567 728 611 766 et
662 724 957 765 animatorum
1001 723 1339 778 generationem,
1389 727 1434 765 et
1485 726 1679 775 naturas,
1734 727 1779 766 et

365 793 655 849 proprietates
687 793 917 848 assignare.
981 791 1114 833 Volui
1146 795 1295 834 tamen
1326 792 1396 834 hic
1428 807 1667 849 proponere
1698 793 1779 835 ali-

365 877 453 917 qua
484 860 714 903 extremal
749 864 928 917 propter
949 874 1123 902 sensum
1146 860 1383 902 litteralem
1415 864 1460 903 et
1491 861 1775 917 spiritualem,

362 934 414 972 ut
446 930 675 974 ostendam
709 931 825 985 quod
857 929 957 971 sciri
998 944 1087 971 non
1109 933 1292 985 possunt
1322 929 1579 985 hujusmodi
1611 945 1773 982 sensus,

361 999 446 1040 11161
493 999 686 1040 sciantur
732 1013 878 1040 rerum
915 1001 1087 1040 naturae
1132 1002 1177 1040 et
1223 999 1521 1054 proprietates.
1587 998 1775 1055 Oportet

361 1068 477 1109 enim
524 1068 665 1123 primo
708 1067 754 1107 in
787 1067 906 1108 0111111
949 1069 1080 1108 textu
1111 1069 1163 1108 ut
1210 1067 1381 1118 sciatur,
1416 1068 1522 1122 quid
1559 1071 1624 1109 est
1656 1068 1775 1123 quod

359 1151 436 1192 per
466 1136 650 1178 verbum
681 1136 908 1191 figuratur,
943 1138 1021 1176 aut
1052 1135 1181 1176 homo
1213 1135 1325 1176 nihil
1356 1136 1584 1191 intelliget,
1619 1139 1664 1177 et
1695 1151 1772 1178 6110

357 1207 488 1246 textu
518 1219 608 1246 11011
639 1204 802 1260 poterit
833 1203 931 1256 uti3
964 1207 1008 1245 et
1039 1203 1137 1244 ideo
1179 1203 1254 1258 qui
1286 1203 1393 1259 legit
1425 1204 1697 1246 Ezechielem
1729 1208 1773 1247 et

358 1273 573 1323 Exodum,
608 1277 652 1315 et
684 1273 790 1314 alios
822 1272 956 1313 libros
996 1272 1114 1327 legis,
1149 1274 1193 1312 et
1235 1271 1288 1313 de
1320 1271 1484 1328 templo
1517 1271 1770 1323 Salamonis‚

357 1346 401 1383 et
433 1342 573 1384 multa
604 1341 700 1392 alia,
733 1340 955 1397 ignorabit
986 1340 1197 1382 terminos
1229 1343 1274 1381 et
1304 1340 1526 1390 vocabula,
1549 1340 1634 1381 nisi
1666 1341 1773 1383 sciat

356 1410 684 1453 distinctionem
727 1409 887 1452 factam
931 1409 1047 1450 inter
1090 1423 1272 1465 cuprum
1316 1411 1360 1450 et
1406 1423 1476 1458 666,
1510 1408 1771 1451 orichalcum

356 1482 400 1521 et
431 1480 650 1521 electrum.
714 1479 925 1520 AEstimat
957 1478 1074 1519 enim
1106 1477 1264 1534 vulgus
1296 1477 1413 1532 quod
1454 1492 1513 1519 aes
1544 1477 1602 1519 sit
1633 1492 1772 1519 unum

356 1548 408 1589 de
451 1547 642 1589 metallis
685 1546 1010 1603 principalibus
1045 1546 1163 1601 quod
1209 1560 1299 1588 non
1338 1549 1403 1587 est
1436 1561 1601 1597 verum,
1635 1546 1769 1588 immo

355 1631 548 1672 cuprum.
651 1617 799 1671 Atque
851 1615 999 1656 nullus
1051 1614 1254 1656 advertat
1317 1614 1424 1670 quid
1476 1615 1561 1656 dici
1613 1615 1771 1656 debeat

354 1685 613 1727 orichalcum
636 1684 819 1740 proprie,
844 1686 889 1727 et
922 1683 1028 1738 quid
1050 1682 1270 1732 electrum,
1295 1685 1338 1724 et
1361 1682 1447 1723 tria
1469 1682 1562 1737 ejus
1584 1683 1767 1738 signata.

355 1753 441 1795 Sed
493 1753 530 1795 si
580 1753 793 1795 vocabula
844 1752 1100 1808 ignorentur
1151 1754 1258 1792 tunc
1319 1753 1466 1792 totum
1527 1751 1769 1807 ignoratur.

354 1823 471 1864 Dato
503 1825 653 1863 tamen
686 1821 803 1877 quod
834 1821 1020 1862 sciamus
1052 1819 1159 1875 quid
1189 1834 1266 1875 per
1297 1819 1482 1860 verbum
1514 1819 1698 1871 dicatur,
1722 1822 1767 1861 et

353 1892 469 1947 quod
512 1890 698 1932 sciamus
742 1889 859 1945 quod
898 1903 956 1930 aes
1001 1888 1060 1929 sit
1104 1902 1287 1943 cuprum
1334 1887 1578 1928 coloratum
1615 1887 1767 1929 durius

352 1963 397 2002 et
428 1959 654 2009 intensius,
686 1973 777 2000 11011
808 1961 958 1999 tamen
991 1956 1173 1998 sciretur
1205 1955 1423 2011 quomodo
1454 1958 1690 2012 generatur
1722 1958 1767 1997 et

352 2028 551 2084 qualiter.
615 2028 675 2068 Et
706 2027 765 2068 616
787 2027 840 2068 (16
872 2025 1088 2067 orichalco
1109 2025 1238 2080 longe
1269 2024 1410 2080 magis
1433 2027 1478 2065 et
1509 2024 1562 2066 de
1595 2023 1764 2067 electro.

351 2097 456 2139 Non
487 2096 604 2138 enim
636 2095 795 2138 sufficit
831 2095 879 2135 in
911 2094 1139 2150 Scriptura
1179 2107 1258 2149 pro
1291 2107 1421 2134 sensu
1451 2092 1634 2134 litterali
1666 2092 1766 2134 sciri

351 2165 457 2222 quid
487 2180 564 2221 per
594 2179 754 2206 nomen
786 2163 969 2214 dicatur,
1002 2166 1054 2204 ut
1086 2161 1203 2217 quod
1243 2161 1311 2216 leo
1354 2161 1412 2203 sit
1453 2160 1616 2202 animal
1647 2160 1765 2216 quod

351 2235 511 2277 dicitur
541 2249 619 2276 rex
649 2234 900 2275 bestiarum.
966 2231 1053 2273 Sed
1096 2233 1270 2286 oportet
1302 2229 1419 2285 quod
1451 2229 1638 2271 sciamus
1670 2229 1763 2285 ejus

351 2306 557 2344 naturam
610 2305 655 2344 et
697 2301 999 2358 proprietates,
1043 2313 1119 2355 per
1160 2312 1344 2354 quarum
1395 2297 1564 2353 aliquas
1616 2297 1763 2353 signat

351 2371 577 2413 Christum
610 2373 653 2412 et
685 2385 762 2425 per
792 2368 1030 2411 contrarias
1061 2368 1291 2409 diabolum.
1356 2366 1473 2407 Nam
1505 2366 1541 2407 61
1572 2365 1759 2406 dicitur:

352 2444 375 2461 “
408 2439 532 2481 Sicut
578 2439 644 2480 leo
697 2438 751 2479 de
797 2438 919 2479 tribu
965 2436 995 2477 J
999 2435 1123 2486 uda‚”
1168 2436 1251 2485 810„
1301 2434 1418 2489 quod
1462 2447 1540 2488 pro
1583 2432 1758 2475 Christo

349 2507 518 2550 dicitur.
582 2507 642 2548 Et
672 2506 827 2548 beatus
859 2505 1015 2546 Petrus
1038 2503 1274 2559 Apostolus
1306 2501 1394 2543 ait:
1431 2501 1760 2542 “Adversarius

351 2581 374 2598 ‘⁴
404 2579 550 2618 vester
581 2574 778 2616 diabolus
800 2577 1010 2628 tanquam
1040 2572 1108 2612 leo
1136 2568 1354 2626 1111116116,υ
1375 2570 1446 2611 &c
1511 2569 1572 2610 Et
1602 2569 1662 2610 sic
1693 2571 1760 2611 est

349 2644 402 2686 de
434 2643 635 2686 omnibus
666 2643 796 2685 rebus
821 2659 831 2693 ;
863 2641 966 2697 quia
987 2654 1064 2696 pro
1087 2639 1179 2695 ipso
1212 2652 1340 2680 sensu
1370 2637 1562 2687 litterali,
1588 2640 1759 2693 oportet

351 2713 457 2755 66116
487 2715 671 2755 naturas
703 2713 748 2753 et
780 2710 1069 2767 proprietates
1091 2722 1245 2749 rerum.
1310 2706 1395 2748 Sed
1428 2709 1576 2748 tamen
1607 2719 1758 2747 sensus

869 2858 878 2878 ¹
897 2857 1053 2900 extrema]
1073 2861 1142 2897 exa,
1160 2854 1235 2889 MS.
