<?xml version="1.0" encoding="UTF-8"?>
<!DOCTYPE html PUBLIC "-//W3C//DTD XHTML 1.0 Transitional//EN"
    "http://www.w3.org/TR/xhtml1/DTD/xhtml1-transitional.dtd">
<html xmlns="http://www.w3.org/1999/xhtml" xml:lang="en" lang="en">
 <head>
  <title>
</title>
<meta http-equiv="Content-Type" content="text/html;charset=utf-8" />
  <meta name='ocr-system' content='tesseract 3.04.00' />
  <meta name='ocr-capabilities' content='ocr_page ocr_carea ocr_par ocr_line ocrx_word'/>
</head>
<body>
  <div class='ocr_page' id='page_1' title='image "./frrogeribaconope00baco_0419.png"; bbox 0 0 1964 3259; ppageno 0'>
   <div class='ocr_carea' id='block_1_1' title="bbox 211 261 1606 316">
    <p class='ocr_par' dir='ltr' id='par_1_1' title="bbox 211 261 1606 316">
     <span class='ocr_line' id='line_1_1' title="bbox 211 261 1606 316; baseline 0.006 -16"><span class='ocrx_word' id='word_1_1' title='bbox 211 261 365 316; x_wconf 69' lang='lat' dir='ltr'>LXXV]</span> <span class='ocrx_word' id='word_1_2' title='bbox 740 274 854 305; x_wconf 75' lang='lat' dir='ltr'>opus</span> <span class='ocrx_word' id='word_1_3' title='bbox 885 275 1097 306; x_wconf 82' lang='lat' dir='ltr'><strong>TERTIUM.</strong></span> <span class='ocrx_word' id='word_1_4' title='bbox 1523 270 1606 310; x_wconf 84' lang='lat'>305</span> 
     </span>
    </p>
   </div>
   <div class='ocr_carea' id='block_1_2' title="bbox 185 387 1607 2678">
    <p class='ocr_par' dir='ltr' id='par_1_2' title="bbox 185 387 1607 2678">
     <span class='ocr_line' id='line_1_2' title="bbox 208 387 1603 440; baseline 0.006 -13"><span class='ocrx_word' id='word_1_5' title='bbox 208 387 354 429; x_wconf 75' lang='lat' dir='ltr'>subito</span> <span class='ocrx_word' id='word_1_6' title='bbox 387 388 514 430; x_wconf 83' lang='lat' dir='ltr'>cadat</span> <span class='ocrx_word' id='word_1_7' title='bbox 545 389 590 430; x_wconf 90' lang='grc'>111</span> <span class='ocrx_word' id='word_1_8' title='bbox 622 404 811 432; x_wconf 83' lang='grc'>0111010111</span> <span class='ocrx_word' id='word_1_9' title='bbox 843 390 948 431; x_wconf 80' lang='lat' dir='ltr'>boni</span> <span class='ocrx_word' id='word_1_10' title='bbox 980 393 1024 431; x_wconf 91' lang='lat' dir='ltr'>et</span> <span class='ocrx_word' id='word_1_11' title='bbox 1057 391 1206 431; x_wconf 87' lang='lat' dir='ltr'>odium</span> <span class='ocrx_word' id='word_1_12' title='bbox 1227 391 1343 440; x_wconf 84' lang='lat' dir='ltr'>mali,</span> <span class='ocrx_word' id='word_1_13' title='bbox 1368 393 1603 436; x_wconf 84' lang='lat' dir='ltr'>secundum</span> 
     </span>
     <span class='ocr_line' id='line_1_3' title="bbox 208 457 1607 513; baseline 0.006 -18"><span class='ocrx_word' id='word_1_14' title='bbox 208 457 323 509; x_wconf 81' lang='lat' dir='ltr'>quod</span> <span class='ocrx_word' id='word_1_15' title='bbox 355 457 480 499; x_wconf 88' lang='lat' dir='ltr'>docet</span> <span class='ocrx_word' id='word_1_16' title='bbox 512 457 805 513; x_wconf 77' lang='lat' dir='ltr'>Alpharabius</span> <span class='ocrx_word' id='word_1_17' title='bbox 836 458 883 498; x_wconf 86' lang='lat' dir='ltr'>in</span> <span class='ocrx_word' id='word_1_18' title='bbox 914 458 1025 499; x_wconf 81' lang='lat' dir='ltr'>libro</span> <span class='ocrx_word' id='word_1_19' title='bbox 1059 458 1125 499; x_wconf 88' lang='lat' dir='ltr'>De</span> <span class='ocrx_word' id='word_1_20' title='bbox 1150 458 1364 500; x_wconf 81' lang='lat' dir='ltr'>Scientiis.</span> <span class='ocrx_word' id='word_1_21' title='bbox 1429 459 1488 502; x_wconf 89' lang='lat' dir='ltr'>Et</span> <span class='ocrx_word' id='word_1_22' title='bbox 1518 476 1607 503; x_wconf 88' lang='lat' dir='ltr'>non</span> 
     </span>
     <span class='ocr_line' id='line_1_4' title="bbox 207 524 1606 584; baseline 0.006 -23"><span class='ocrx_word' id='word_1_23' title='bbox 207 524 345 564; x_wconf 73' lang='lat' dir='ltr'>solum</span> <span class='ocrx_word' id='word_1_24' title='bbox 379 526 623 567; x_wconf 85' lang='lat' dir='ltr'>consistunt</span> <span class='ocrx_word' id='word_1_25' title='bbox 665 525 755 568; x_wconf 75' lang='lat' dir='ltr'>haec</span> <span class='ocrx_word' id='word_1_26' title='bbox 798 526 1066 581; x_wconf 78' lang='lat' dir='ltr'>praedicandi</span> <span class='ocrx_word' id='word_1_27' title='bbox 1111 530 1375 581; x_wconf 83' lang='lat' dir='ltr'>argumenta</span> <span class='ocrx_word' id='word_1_28' title='bbox 1420 528 1467 568; x_wconf 89' lang='lat' dir='ltr'>in</span> <span class='ocrx_word' id='word_1_29' title='bbox 1512 530 1606 584; x_wconf 86' lang='lat' dir='ltr'>pul-</span> 
     </span>
     <span class='ocr_line' id='line_1_5' title="bbox 206 592 1606 652; baseline 0.004 -20"><span class='ocrx_word' id='word_1_30' title='bbox 206 592 453 634; x_wconf 83' lang='lat' dir='ltr'>chritudine</span> <span class='ocrx_word' id='word_1_31' title='bbox 484 593 703 644; x_wconf 85' lang='lat' dir='ltr'>sermonis,</span> <span class='ocrx_word' id='word_1_32' title='bbox 737 608 813 635; x_wconf 90' lang='lat' dir='ltr'>nec</span> <span class='ocrx_word' id='word_1_33' title='bbox 845 594 891 634; x_wconf 89' lang='grc'>111</span> <span class='ocrx_word' id='word_1_34' title='bbox 933 593 1237 649; x_wconf 78' lang='lat' dir='ltr'>magnitudine</span> <span class='ocrx_word' id='word_1_35' title='bbox 1270 595 1446 637; x_wconf 80' lang='lat' dir='ltr'>divinae¹</span> <span class='ocrx_word' id='word_1_36' title='bbox 1494 598 1606 652; x_wconf 84' lang='lat' dir='ltr'>sapi-</span> 
     </span>
     <span class='ocr_line' id='line_1_6' title="bbox 205 661 1606 719; baseline 0.004 -19"><span class='ocrx_word' id='word_1_37' title='bbox 205 661 343 709; x_wconf 82' lang='grc'>0111110,</span> <span class='ocrx_word' id='word_1_38' title='bbox 378 662 452 703; x_wconf 87' lang='lat' dir='ltr'>sed</span> <span class='ocrx_word' id='word_1_39' title='bbox 483 661 528 702; x_wconf 91' lang='lat' dir='ltr'>in</span> <span class='ocrx_word' id='word_1_40' title='bbox 560 661 797 712; x_wconf 52' lang='lat' dir='ltr'>affectibus</span> <span class='ocrx_word' id='word_1_41' title='bbox 832 665 876 703; x_wconf 90' lang='lat' dir='ltr'>ct</span> <span class='ocrx_word' id='word_1_42' title='bbox 907 665 1045 718; x_wconf 67' lang='lat' dir='ltr'>gestit,</span> <span class='ocrx_word' id='word_1_43' title='bbox 1078 665 1122 703; x_wconf 88' lang='lat' dir='ltr'>et</span> <span class='ocrx_word' id='word_1_44' title='bbox 1155 661 1301 703; x_wconf 86' lang='lat' dir='ltr'>debito</span> <span class='ocrx_word' id='word_1_45' title='bbox 1341 664 1529 719; x_wconf 84' lang='lat' dir='ltr'>corporis</span> <span class='ocrx_word' id='word_1_46' title='bbox 1562 669 1606 706; x_wconf 90' lang='lat' dir='ltr'>et</span> 
     </span>
     <span class='ocr_line' id='line_1_7' title="bbox 205 728 1604 785; baseline 0.004 -18"><span class='ocrx_word' id='word_1_47' title='bbox 205 729 497 771; x_wconf 78' lang='lat' dir='ltr'>membrorum</span> <span class='ocrx_word' id='word_1_48' title='bbox 529 732 652 771; x_wconf 86' lang='lat' dir='ltr'>motu</span> <span class='ocrx_word' id='word_1_49' title='bbox 698 728 1040 785; x_wconf 85' lang='lat' dir='ltr'>proportionato,</span> <span class='ocrx_word' id='word_1_50' title='bbox 1088 744 1225 784; x_wconf 85' lang='lat' dir='ltr'>usque</span> <span class='ocrx_word' id='word_1_51' title='bbox 1271 744 1354 784; x_wconf 82' lang='lat' dir='ltr'>quo</span> <span class='ocrx_word' id='word_1_52' title='bbox 1403 731 1604 774; x_wconf 82' lang='lat' dir='ltr'>doctrina</span> 
     </span>
     <span class='ocr_line' id='line_1_8' title="bbox 204 797 1602 854; baseline 0.004 -18"><span class='ocrx_word' id='word_1_53' title='bbox 204 800 451 839; x_wconf 82' lang='lat' dir='ltr'>sanctorum</span> <span class='ocrx_word' id='word_1_54' title='bbox 503 797 688 848; x_wconf 87' lang='lat' dir='ltr'>accedat,</span> <span class='ocrx_word' id='word_1_55' title='bbox 736 797 811 852; x_wconf 87' lang='lat' dir='ltr'>qui</span> <span class='ocrx_word' id='word_1_56' title='bbox 858 797 1015 838; x_wconf 82' lang='lat' dir='ltr'>docent</span> <span class='ocrx_word' id='word_1_57' title='bbox 1060 798 1369 852; x_wconf 77' lang='lat' dir='ltr'>praedicantein</span> <span class='ocrx_word' id='word_1_58' title='bbox 1413 801 1602 854; x_wconf 80' lang='lat' dir='ltr'>gratiam</span> 
     </span>
     <span class='ocr_line' id='line_1_9' title="bbox 203 863 1603 921; baseline 0.004 -17"><span class='ocrx_word' id='word_1_59' title='bbox 203 863 394 919; x_wconf 80' lang='lat' dir='ltr'>Spiritus</span> <span class='ocrx_word' id='word_1_60' title='bbox 428 864 579 906; x_wconf 79' lang='lat' dir='ltr'>Sancti</span> <span class='ocrx_word' id='word_1_61' title='bbox 610 865 657 905; x_wconf 88' lang='lat' dir='ltr'>in</span> <span class='ocrx_word' id='word_1_62' title='bbox 688 865 962 920; x_wconf 85' lang='lat' dir='ltr'>prothemate</span> <span class='ocrx_word' id='word_1_63' title='bbox 1005 865 1235 920; x_wconf 86' lang='lat' dir='ltr'>implorare</span> <span class='ocrx_word' id='word_1_64' title='bbox 1268 869 1313 907; x_wconf 91' lang='lat' dir='ltr'>et</span> <span class='ocrx_word' id='word_1_65' title='bbox 1344 880 1421 921; x_wconf 86' lang='lat' dir='ltr'>pro</span> <span class='ocrx_word' id='word_1_66' title='bbox 1454 868 1526 908; x_wconf 53' lang='lat' dir='ltr'>seff</span> <span class='ocrx_word' id='word_1_67' title='bbox 1559 873 1603 910; x_wconf 91' lang='lat' dir='ltr'>et</span> 
     </span>
     <span class='ocr_line' id='line_1_10' title="bbox 202 932 1602 988; baseline 0.004 -18"><span class='ocrx_word' id='word_1_68' title='bbox 202 946 278 986; x_wconf 84' lang='lat' dir='ltr'>pro</span> <span class='ocrx_word' id='word_1_69' title='bbox 310 933 480 987; x_wconf 85' lang='lat' dir='ltr'>populo,</span> <span class='ocrx_word' id='word_1_70' title='bbox 514 936 558 974; x_wconf 90' lang='lat' dir='ltr'>et</span> <span class='ocrx_word' id='word_1_71' title='bbox 588 932 832 988; x_wconf 85' lang='lat' dir='ltr'>lachrymas</span> <span class='ocrx_word' id='word_1_72' title='bbox 865 933 1046 974; x_wconf 86' lang='lat' dir='ltr'>devotas</span> <span class='ocrx_word' id='word_1_73' title='bbox 1078 933 1124 973; x_wconf 90' lang='lat' dir='ltr'>in</span> <span class='ocrx_word' id='word_1_74' title='bbox 1156 933 1265 974; x_wconf 87' lang='lat' dir='ltr'>serie</span> <span class='ocrx_word' id='word_1_75' title='bbox 1310 935 1602 988; x_wconf 68' lang='lat' dir='ltr'>persuasionis</span> 
     </span>
     <span class='ocr_line' id='line_1_11' title="bbox 201 998 1600 1057; baseline 0.003 -17"><span class='ocrx_word' id='word_1_76' title='bbox 201 998 422 1042; x_wconf 84' lang='lat' dir='ltr'>effundere</span> <span class='ocrx_word' id='word_1_77' title='bbox 474 1001 760 1042; x_wconf 68' lang='lat' dir='ltr'>abundanter.</span> <span class='ocrx_word' id='word_1_78' title='bbox 868 1000 985 1042; x_wconf 88' lang='lat' dir='ltr'>Nam</span> <span class='ocrx_word' id='word_1_79' title='bbox 1036 1001 1097 1042; x_wconf 87' lang='lat' dir='ltr'>sic</span> <span class='ocrx_word' id='word_1_80' title='bbox 1148 1001 1274 1042; x_wconf 87' lang='lat' dir='ltr'>docet</span> <span class='ocrx_word' id='word_1_81' title='bbox 1326 1000 1600 1057; x_wconf 71' lang='lat' dir='ltr'>Augustinus</span> 
     </span>
     <span class='ocr_line' id='line_1_12' title="bbox 198 1067 1600 1124; baseline 0.005 -17"><span class='ocrx_word' id='word_1_82' title='bbox 198 1067 381 1109; x_wconf 80' lang='lat' dir='ltr'>ferinam</span> <span class='ocrx_word' id='word_1_83' title='bbox 426 1069 750 1124; x_wconf 76' lang='lat' dir='ltr'>praedicationis</span> <span class='ocrx_word' id='word_1_84' title='bbox 784 1069 1071 1124; x_wconf 75' lang='lat' dir='ltr'>Evangelicae,</span> <span class='ocrx_word' id='word_1_85' title='bbox 1106 1069 1151 1110; x_wconf 87' lang='lat' dir='ltr'>in</span> <span class='ocrx_word' id='word_1_86' title='bbox 1184 1072 1340 1123; x_wconf 80' lang='lat' dir='ltr'>quarto</span> <span class='ocrx_word' id='word_1_87' title='bbox 1384 1069 1495 1112; x_wconf 89' lang='lat' dir='ltr'>libro</span> <span class='ocrx_word' id='word_1_88' title='bbox 1533 1072 1600 1114; x_wconf 89' lang='lat' dir='ltr'>De</span> 
     </span>
     <span class='ocr_line' id='line_1_13' title="bbox 198 1136 1599 1192; baseline 0.004 -16"><span class='ocrx_word' id='word_1_89' title='bbox 198 1136 409 1178; x_wconf 83' lang='lat' dir='ltr'>Doctrina</span> <span class='ocrx_word' id='word_1_90' title='bbox 431 1137 690 1179; x_wconf 83' lang='lat' dir='ltr'>Christiana.</span> <span class='ocrx_word' id='word_1_91' title='bbox 754 1138 814 1178; x_wconf 86' lang='lat' dir='ltr'>Et</span> <span class='ocrx_word' id='word_1_92' title='bbox 834 1137 894 1178; x_wconf 88' lang='lat' dir='ltr'>sic</span> <span class='ocrx_word' id='word_1_93' title='bbox 926 1137 1109 1192; x_wconf 85' lang='lat' dir='ltr'>ipsemet</span> <span class='ocrx_word' id='word_1_94' title='bbox 1141 1152 1185 1179; x_wconf 91' lang='lat' dir='ltr'>se</span> <span class='ocrx_word' id='word_1_95' title='bbox 1216 1136 1469 1192; x_wconf 62' lang='lat' dir='ltr'>praedicasse</span> <span class='ocrx_word' id='word_1_96' title='bbox 1501 1154 1599 1181; x_wconf 91' lang='lat' dir='ltr'>con-</span> 
     </span>
     <span class='ocr_line' id='line_1_14' title="bbox 197 1204 1595 1262; baseline 0.004 -18"><span class='ocrx_word' id='word_1_97' title='bbox 197 1204 357 1246; x_wconf 87' lang='lat' dir='ltr'>fitetur.</span> <span class='ocrx_word' id='word_1_98' title='bbox 422 1205 510 1247; x_wconf 92' lang='grc' dir='ltr'>Η10</span> <span class='ocrx_word' id='word_1_99' title='bbox 540 1206 678 1262; x_wconf 80' lang='lat' dir='ltr'>igitur</span> <span class='ocrx_word' id='word_1_100' title='bbox 708 1205 935 1247; x_wconf 87' lang='lat' dir='ltr'>invenitur</span> <span class='ocrx_word' id='word_1_101' title='bbox 966 1205 1186 1260; x_wconf 86' lang='lat' dir='ltr'>persuasio</span> <span class='ocrx_word' id='word_1_102' title='bbox 1218 1205 1326 1261; x_wconf 82' lang='lat' dir='ltr'>legis</span> <span class='ocrx_word' id='word_1_103' title='bbox 1358 1207 1595 1259; x_wconf 72' lang='lat' dir='ltr'>credendae,</span> 
     </span>
     <span class='ocr_line' id='line_1_15' title="bbox 197 1272 1596 1330; baseline 0.004 -19"><span class='ocrx_word' id='word_1_104' title='bbox 197 1272 249 1313; x_wconf 86' lang='lat' dir='ltr'>de</span> <span class='ocrx_word' id='word_1_105' title='bbox 284 1287 369 1327; x_wconf 87' lang='lat' dir='ltr'>qua</span> <span class='ocrx_word' id='word_1_106' title='bbox 399 1273 447 1314; x_wconf 89' lang='lat' dir='ltr'>in</span> <span class='ocrx_word' id='word_1_107' title='bbox 480 1278 636 1328; x_wconf 85' lang='lat' dir='ltr'>quarta</span> <span class='ocrx_word' id='word_1_108' title='bbox 680 1276 804 1329; x_wconf 86' lang='lat' dir='ltr'>parte</span> <span class='ocrx_word' id='word_1_109' title='bbox 846 1273 1023 1313; x_wconf 87' lang='lat' dir='ltr'>Moralis</span> <span class='ocrx_word' id='word_1_110' title='bbox 1070 1273 1359 1330; x_wconf 79' lang='lat' dir='ltr'>Philosophiae</span> <span class='ocrx_word' id='word_1_111' title='bbox 1404 1275 1596 1317; x_wconf 87' lang='lat' dir='ltr'>disserui.</span> 
     </span>
     <span class='ocr_line' id='line_1_16' title="bbox 198 1339 1594 1398; baseline 0.005 -19"><span class='ocrx_word' id='word_1_112' title='bbox 198 1339 256 1380; x_wconf 89' lang='lat' dir='ltr'>Et</span> <span class='ocrx_word' id='word_1_113' title='bbox 287 1340 356 1381; x_wconf 90' lang='lat' dir='ltr'>hic</span> <span class='ocrx_word' id='word_1_114' title='bbox 388 1341 588 1382; x_wconf 87' lang='lat' dir='ltr'>similiter</span> <span class='ocrx_word' id='word_1_115' title='bbox 620 1342 818 1383; x_wconf 74' lang='lat' dir='ltr'>consistit</span> <span class='ocrx_word' id='word_1_116' title='bbox 862 1341 1079 1396; x_wconf 74' lang='lat' dir='ltr'>persuasio</span> <span class='ocrx_word' id='word_1_117' title='bbox 1122 1341 1230 1397; x_wconf 78' lang='lat' dir='ltr'>legis</span> <span class='ocrx_word' id='word_1_118' title='bbox 1266 1343 1360 1398; x_wconf 84' lang='lat' dir='ltr'>jam</span> <span class='ocrx_word' id='word_1_119' title='bbox 1408 1345 1594 1396; x_wconf 78' lang='lat' dir='ltr'>creditae,</span> 
     </span>
     <span class='ocr_line' id='line_1_17' title="bbox 196 1408 1596 1462; baseline 0.004 -15"><span class='ocrx_word' id='word_1_120' title='bbox 196 1410 247 1448; x_wconf 90' lang='lat' dir='ltr'>ut</span> <span class='ocrx_word' id='word_1_121' title='bbox 278 1409 513 1450; x_wconf 86' lang='lat' dir='ltr'>secundum</span> <span class='ocrx_word' id='word_1_122' title='bbox 546 1424 640 1450; x_wconf 86' lang='lat' dir='ltr'>eam</span> <span class='ocrx_word' id='word_1_123' title='bbox 673 1412 791 1450; x_wconf 87' lang='lat' dir='ltr'>reeta</span> <span class='ocrx_word' id='word_1_124' title='bbox 827 1408 912 1450; x_wconf 88' lang='lat' dir='ltr'>fide</span> <span class='ocrx_word' id='word_1_125' title='bbox 952 1412 996 1450; x_wconf 91' lang='lat' dir='ltr'>et</span> <span class='ocrx_word' id='word_1_126' title='bbox 1034 1409 1227 1451; x_wconf 85' lang='lat' dir='ltr'>moribus</span> <span class='ocrx_word' id='word_1_127' title='bbox 1260 1412 1451 1462; x_wconf 82' lang='lat' dir='ltr'>vivatur,</span> <span class='ocrx_word' id='word_1_128' title='bbox 1484 1413 1596 1453; x_wconf 86' lang='lat' dir='ltr'>sicut</span> 
     </span>
     <span class='ocr_line' id='line_1_18' title="bbox 196 1476 1595 1532; baseline 0.004 -17"><span class='ocrx_word' id='word_1_129' title='bbox 196 1476 385 1530; x_wconf 78' lang='lat' dir='ltr'>expressi</span> <span class='ocrx_word' id='word_1_130' title='bbox 430 1476 477 1517; x_wconf 90' lang='lat' dir='ltr'>in</span> <span class='ocrx_word' id='word_1_131' title='bbox 522 1477 676 1531; x_wconf 83' lang='lat' dir='ltr'>quinta</span> <span class='ocrx_word' id='word_1_132' title='bbox 722 1480 846 1532; x_wconf 91' lang='lat' dir='ltr'>parte</span> <span class='ocrx_word' id='word_1_133' title='bbox 891 1476 1006 1517; x_wconf 85' lang='lat' dir='ltr'>illius</span> <span class='ocrx_word' id='word_1_134' title='bbox 1051 1476 1264 1520; x_wconf 80' lang='grc'>8010111110.</span> <span class='ocrx_word' id='word_1_135' title='bbox 1331 1480 1417 1521; x_wconf 88' lang='grc'>80(1</span> <span class='ocrx_word' id='word_1_136' title='bbox 1449 1480 1511 1520; x_wconf 88' lang='lat' dir='ltr'>ibi</span> <span class='ocrx_word' id='word_1_137' title='bbox 1549 1481 1595 1521; x_wconf 88' lang='lat' dir='ltr'>in</span> 
     </span>
     <span class='ocr_line' id='line_1_19' title="bbox 195 1543 1595 1602; baseline 0.004 -20"><span class='ocrx_word' id='word_1_138' title='bbox 195 1543 431 1585; x_wconf 88' lang='lat' dir='ltr'>universali</span> <span class='ocrx_word' id='word_1_139' title='bbox 478 1547 522 1585; x_wconf 91' lang='lat' dir='ltr'>et</span> <span class='ocrx_word' id='word_1_140' title='bbox 553 1545 717 1585; x_wconf 82' lang='lat' dir='ltr'>radices</span> <span class='ocrx_word' id='word_1_141' title='bbox 761 1544 919 1599; x_wconf 81' lang='lat' dir='ltr'>tetigi3</span> <span class='ocrx_word' id='word_1_142' title='bbox 965 1544 1114 1585; x_wconf 89' lang='lat' dir='ltr'>modos</span> <span class='ocrx_word' id='word_1_143' title='bbox 1161 1560 1264 1587; x_wconf 90' lang='lat' dir='ltr'>vero</span> <span class='ocrx_word' id='word_1_144' title='bbox 1311 1547 1595 1602; x_wconf 85' lang='lat' dir='ltr'>particulares</span> 
     </span>
     <span class='ocr_line' id='line_1_20' title="bbox 195 1611 1593 1671; baseline 0.004 -21"><span class='ocrx_word' id='word_1_145' title='bbox 195 1611 315 1665; x_wconf 87' lang='lat' dir='ltr'>posui</span> <span class='ocrx_word' id='word_1_146' title='bbox 350 1626 426 1667; x_wconf 91' lang='lat' dir='ltr'>pro</span> <span class='ocrx_word' id='word_1_147' title='bbox 458 1626 619 1668; x_wconf 79' lang='lat' dir='ltr'>magna</span> <span class='ocrx_word' id='word_1_148' title='bbox 651 1615 773 1667; x_wconf 87' lang='lat' dir='ltr'>parte</span> <span class='ocrx_word' id='word_1_149' title='bbox 818 1612 870 1652; x_wconf 90' lang='grc'>(10</span> <span class='ocrx_word' id='word_1_150' title='bbox 914 1611 1030 1652; x_wconf 83' lang='lat' dir='ltr'>facto</span> <span class='ocrx_word' id='word_1_151' title='bbox 1074 1612 1119 1652; x_wconf 90' lang='lat' dir='ltr'>in</span> <span class='ocrx_word' id='word_1_152' title='bbox 1163 1613 1305 1668; x_wconf 85' lang='lat' dir='ltr'>prima</span> <span class='ocrx_word' id='word_1_153' title='bbox 1349 1619 1471 1670; x_wconf 89' lang='lat' dir='ltr'>parte</span> <span class='ocrx_word' id='word_1_154' title='bbox 1516 1630 1593 1671; x_wconf 86' lang='lat' dir='ltr'>pro</span> 
     </span>
     <span class='ocr_line' id='line_1_21' title="bbox 193 1679 1595 1737; baseline 0.004 -20"><span class='ocrx_word' id='word_1_155' title='bbox 193 1679 294 1720; x_wconf 85' lang='lat' dir='ltr'>fidei</span> <span class='ocrx_word' id='word_1_156' title='bbox 325 1679 532 1729; x_wconf 81' lang='lat' dir='ltr'>articulis,</span> <span class='ocrx_word' id='word_1_157' title='bbox 567 1683 611 1721; x_wconf 91' lang='grc'>01</span> <span class='ocrx_word' id='word_1_158' title='bbox 642 1680 688 1720; x_wconf 86' lang='grc'>111</span> <span class='ocrx_word' id='word_1_159' title='bbox 722 1679 854 1720; x_wconf 86' lang='lat' dir='ltr'>tertia</span> <span class='ocrx_word' id='word_1_160' title='bbox 886 1693 963 1734; x_wconf 86' lang='lat' dir='ltr'>pro</span> <span class='ocrx_word' id='word_1_161' title='bbox 995 1679 1198 1722; x_wconf 84' lang='lat' dir='ltr'>moribus.</span> <span class='ocrx_word' id='word_1_162' title='bbox 1251 1681 1368 1723; x_wconf 87' lang='lat' dir='ltr'>Nam</span> <span class='ocrx_word' id='word_1_163' title='bbox 1406 1683 1595 1737; x_wconf 86' lang='lat' dir='ltr'>qualiter</span> 
     </span>
     <span class='ocr_line' id='line_1_22' title="bbox 192 1746 1593 1803; baseline 0.003 -16"><span class='ocrx_word' id='word_1_164' title='bbox 192 1747 420 1803; x_wconf 81' lang='lat' dir='ltr'>contingat</span> <span class='ocrx_word' id='word_1_165' title='bbox 466 1748 721 1803; x_wconf 87' lang='lat' dir='ltr'>persuadere</span> <span class='ocrx_word' id='word_1_166' title='bbox 754 1748 806 1788; x_wconf 91' lang='lat' dir='ltr'>de</span> <span class='ocrx_word' id='word_1_167' title='bbox 840 1746 1008 1788; x_wconf 84' lang='lat' dir='ltr'>divi-tiis</span> <span class='ocrx_word' id='word_1_168' title='bbox 1040 1747 1232 1789; x_wconf 86' lang='lat' dir='ltr'>vitandis</span> <span class='ocrx_word' id='word_1_169' title='bbox 1274 1753 1318 1790; x_wconf 92' lang='lat' dir='ltr'>et</span> <span class='ocrx_word' id='word_1_170' title='bbox 1350 1750 1593 1791; x_wconf 87' lang='lat' dir='ltr'>virtutibus</span> 
     </span>
     <span class='ocr_line' id='line_1_23' title="bbox 192 1815 1592 1870; baseline 0.003 -15"><span class='ocrx_word' id='word_1_171' title='bbox 192 1816 456 1870; x_wconf 79' lang='lat' dir='ltr'>exequendis</span> <span class='ocrx_word' id='word_1_172' title='bbox 476 1816 705 1857; x_wconf 86' lang='lat' dir='ltr'>manifeste</span> <span class='ocrx_word' id='word_1_173' title='bbox 727 1815 942 1870; x_wconf 71' lang='lat' dir='ltr'>explicaw‘</span> <span class='ocrx_word' id='word_1_174' title='bbox 965 1829 1042 1870; x_wconf 90' lang='lat' dir='ltr'>per</span> <span class='ocrx_word' id='word_1_175' title='bbox 1063 1815 1195 1857; x_wconf 85' lang='lat' dir='ltr'>libros</span> <span class='ocrx_word' id='word_1_176' title='bbox 1218 1816 1391 1859; x_wconf 82' lang='grc'>80110010</span> <span class='ocrx_word' id='word_1_177' title='bbox 1415 1817 1481 1859; x_wconf 88' lang='lat' dir='ltr'>De</span> <span class='ocrx_word' id='word_1_178' title='bbox 1506 1818 1592 1870; x_wconf 89' lang='lat' dir='ltr'>Ira,</span> 
     </span>
     <span class='ocr_line' id='line_1_24' title="bbox 192 1882 1591 1938; baseline 0.002 -16"><span class='ocrx_word' id='word_1_179' title='bbox 192 1886 236 1923; x_wconf 86' lang='lat' dir='ltr'>et</span> <span class='ocrx_word' id='word_1_180' title='bbox 267 1883 313 1923; x_wconf 90' lang='grc'>111</span> <span class='ocrx_word' id='word_1_181' title='bbox 345 1883 441 1924; x_wconf 89' lang='lat' dir='ltr'>aliis</span> <span class='ocrx_word' id='word_1_182' title='bbox 473 1883 661 1938; x_wconf 86' lang='lat' dir='ltr'>optimis,</span> <span class='ocrx_word' id='word_1_183' title='bbox 684 1883 731 1923; x_wconf 90' lang='lat' dir='ltr'>in</span> <span class='ocrx_word' id='word_1_184' title='bbox 759 1882 918 1936; x_wconf 86' lang='lat' dir='ltr'>quibus</span> <span class='ocrx_word' id='word_1_185' title='bbox 944 1883 1232 1924; x_wconf 86' lang='lat' dir='ltr'>inveniuntur</span> <span class='ocrx_word' id='word_1_186' title='bbox 1259 1885 1315 1925; x_wconf 87' lang='lat' dir='ltr'>ad</span> <span class='ocrx_word' id='word_1_187' title='bbox 1340 1885 1499 1925; x_wconf 86' lang='lat' dir='ltr'>vitium</span> <span class='ocrx_word' id='word_1_188' title='bbox 1522 1886 1591 1927; x_wconf 91' lang='lat' dir='ltr'>vel</span> 
     </span>
     <span class='ocr_line' id='line_1_25' title="bbox 190 1949 1591 2008; baseline 0.003 -18"><span class='ocrx_word' id='word_1_189' title='bbox 190 1949 400 1991; x_wconf 85' lang='lat' dir='ltr'>virtutem</span> <span class='ocrx_word' id='word_1_190' title='bbox 423 1951 541 1992; x_wconf 86' lang='lat' dir='ltr'>modi</span> <span class='ocrx_word' id='word_1_191' title='bbox 564 1950 768 2005; x_wconf 82' lang='lat' dir='ltr'>speciales</span> <span class='ocrx_word' id='word_1_192' title='bbox 790 1950 1082 2005; x_wconf 85' lang='lat' dir='ltr'>persuadendi</span> <span class='ocrx_word' id='word_1_193' title='bbox 1103 1966 1112 2001; x_wconf 86' lang='lat'><em>3</em></span> <span class='ocrx_word' id='word_1_194' title='bbox 1144 1965 1260 1993; x_wconf 87' lang='lat' dir='ltr'>nunc</span> <span class='ocrx_word' id='word_1_195' title='bbox 1288 1966 1364 2008; x_wconf 87' lang='lat' dir='ltr'>per</span> <span class='ocrx_word' id='word_1_196' title='bbox 1390 1953 1591 2008; x_wconf 77' lang='lat' dir='ltr'>exempla</span> 
     </span>
     <span class='ocr_line' id='line_1_26' title="bbox 190 2019 1590 2076; baseline 0.004 -19"><span class='ocrx_word' id='word_1_197' title='bbox 190 2032 448 2072; x_wconf 78' lang='lat' dir='ltr'>magnorum</span> <span class='ocrx_word' id='word_1_198' title='bbox 495 2019 756 2073; x_wconf 84' lang='lat' dir='ltr'>sapientum,</span> <span class='ocrx_word' id='word_1_199' title='bbox 805 2032 920 2058; x_wconf 84' lang='lat' dir='ltr'>nunc</span> <span class='ocrx_word' id='word_1_200' title='bbox 964 2032 1040 2072; x_wconf 86' lang='lat' dir='ltr'>per</span> <span class='ocrx_word' id='word_1_201' title='bbox 1090 2019 1293 2069; x_wconf 83' lang='lat' dir='ltr'>rationes,</span> <span class='ocrx_word' id='word_1_202' title='bbox 1347 2035 1463 2061; x_wconf 89' lang='lat' dir='ltr'>nunc</span> <span class='ocrx_word' id='word_1_203' title='bbox 1515 2035 1590 2076; x_wconf 85' lang='lat' dir='ltr'>per</span> 
     </span>
     <span class='ocr_line' id='line_1_27' title="bbox 190 2085 1589 2142; baseline 0.002 -16"><span class='ocrx_word' id='word_1_204' title='bbox 190 2085 485 2136; x_wconf 81' lang='lat' dir='ltr'>auctoritates,</span> <span class='ocrx_word' id='word_1_205' title='bbox 518 2100 634 2126; x_wconf 89' lang='lat' dir='ltr'>nunc</span> <span class='ocrx_word' id='word_1_206' title='bbox 666 2100 741 2141; x_wconf 87' lang='lat' dir='ltr'>per</span> <span class='ocrx_word' id='word_1_207' title='bbox 784 2085 1095 2127; x_wconf 83' lang='lat' dir='ltr'>similitudines</span> <span class='ocrx_word' id='word_1_208' title='bbox 1137 2091 1334 2142; x_wconf 88' lang='lat' dir='ltr'>sumptas</span> <span class='ocrx_word' id='word_1_209' title='bbox 1366 2103 1418 2129; x_wconf 78' lang='lat' dir='ltr'>ex</span> <span class='ocrx_word' id='word_1_210' title='bbox 1461 2089 1589 2129; x_wconf 80' lang='lat' dir='ltr'>rebus</span> 
     </span>
     <span class='ocr_line' id='line_1_28' title="bbox 188 2153 1584 2211; baseline 0.002 -18"><span class='ocrx_word' id='word_1_211' title='bbox 188 2154 462 2195; x_wconf 88' lang='lat' dir='ltr'>naturalibus</span> <span class='ocrx_word' id='word_1_212' title='bbox 493 2156 537 2194; x_wconf 88' lang='grc'>01</span> <span class='ocrx_word' id='word_1_213' title='bbox 569 2153 678 2205; x_wconf 87' lang='lat' dir='ltr'>aliis,</span> <span class='ocrx_word' id='word_1_214' title='bbox 709 2153 773 2194; x_wconf 84' lang='lat' dir='ltr'>ita</span> <span class='ocrx_word' id='word_1_215' title='bbox 805 2153 921 2208; x_wconf 85' lang='lat' dir='ltr'>quod</span> <span class='ocrx_word' id='word_1_216' title='bbox 953 2153 1098 2194; x_wconf 88' lang='lat' dir='ltr'>nullus</span> <span class='ocrx_word' id='word_1_217' title='bbox 1139 2158 1205 2195; x_wconf 87' lang='lat' dir='ltr'>est</span> <span class='ocrx_word' id='word_1_218' title='bbox 1245 2155 1308 2196; x_wconf 88' lang='lat' dir='ltr'>ita</span> <span class='ocrx_word' id='word_1_219' title='bbox 1339 2156 1510 2211; x_wconf 87' lang='lat' dir='ltr'>sapiens</span> <span class='ocrx_word' id='word_1_220' title='bbox 1541 2156 1584 2196; x_wconf 85' lang='lat' dir='ltr'>in</span> 
     </span>
     <span class='ocr_line' id='line_1_29' title="bbox 189 2221 1588 2279; baseline 0.003 -18"><span class='ocrx_word' id='word_1_221' title='bbox 189 2222 269 2263; x_wconf 85' lang='lat' dir='ltr'>hoc</span> <span class='ocrx_word' id='word_1_222' title='bbox 300 2222 464 2263; x_wconf 87' lang='lat' dir='ltr'>mundo</span> <span class='ocrx_word' id='word_1_223' title='bbox 512 2221 619 2276; x_wconf 86' lang='lat' dir='ltr'>quin</span> <span class='ocrx_word' id='word_1_224' title='bbox 664 2221 802 2276; x_wconf 88' lang='lat' dir='ltr'>possit</span> <span class='ocrx_word' id='word_1_225' title='bbox 834 2221 984 2262; x_wconf 89' lang='lat' dir='ltr'>mirari</span> <span class='ocrx_word' id='word_1_226' title='bbox 1017 2222 1069 2262; x_wconf 88' lang='lat' dir='ltr'>de</span> <span class='ocrx_word' id='word_1_227' title='bbox 1101 2223 1229 2263; x_wconf 88' lang='lat' dir='ltr'>tanta</span> <span class='ocrx_word' id='word_1_228' title='bbox 1273 2222 1463 2265; x_wconf 85' lang='lat' dir='ltr'>efficacia</span> <span class='ocrx_word' id='word_1_229' title='bbox 1495 2239 1588 2279; x_wconf 87' lang='lat' dir='ltr'>per-</span> 
     </span>
     <span class='ocr_line' id='line_1_30' title="bbox 188 2289 1587 2345; baseline 0.002 -15"><span class='ocrx_word' id='word_1_230' title='bbox 188 2289 408 2330; x_wconf 86' lang='lat' dir='ltr'>suadendi.</span> <span class='ocrx_word' id='word_1_231' title='bbox 472 2289 580 2340; x_wconf 61' lang='lat' dir='ltr'>Quae</span> <span class='ocrx_word' id='word_1_232' title='bbox 614 2289 665 2330; x_wconf 87' lang='lat' dir='ltr'>de</span> <span class='ocrx_word' id='word_1_233' title='bbox 698 2289 763 2329; x_wconf 90' lang='lat' dir='ltr'>ira</span> <span class='ocrx_word' id='word_1_234' title='bbox 795 2289 945 2344; x_wconf 84' lang='lat' dir='ltr'>scripsi</span> <span class='ocrx_word' id='word_1_235' title='bbox 976 2289 1106 2344; x_wconf 86' lang='lat' dir='ltr'>plana</span> <span class='ocrx_word' id='word_1_236' title='bbox 1137 2294 1252 2341; x_wconf 83' lang='lat' dir='ltr'>sunt,</span> <span class='ocrx_word' id='word_1_237' title='bbox 1285 2291 1388 2345; x_wconf 85' lang='lat' dir='ltr'>quia</span> <span class='ocrx_word' id='word_1_238' title='bbox 1419 2293 1587 2333; x_wconf 80' lang='lat' dir='ltr'>correxi</span> 
     </span>
     <span class='ocr_line' id='line_1_31' title="bbox 188 2356 1588 2413; baseline 0.002 -15"><span class='ocrx_word' id='word_1_239' title='bbox 188 2358 263 2398; x_wconf 89' lang='lat' dir='ltr'>illa</span> <span class='ocrx_word' id='word_1_240' title='bbox 315 2360 360 2399; x_wconf 86' lang='lat' dir='ltr'>et</span> <span class='ocrx_word' id='word_1_241' title='bbox 403 2357 584 2413; x_wconf 81' lang='lat' dir='ltr'>signavi.</span> <span class='ocrx_word' id='word_1_242' title='bbox 677 2356 779 2398; x_wconf 88' lang='lat' dir='ltr'>Alia</span> <span class='ocrx_word' id='word_1_243' title='bbox 823 2371 927 2397; x_wconf 88' lang='lat' dir='ltr'>vero</span> <span class='ocrx_word' id='word_1_244' title='bbox 975 2371 1070 2411; x_wconf 79' lang='lat' dir='ltr'>quae</span> <span class='ocrx_word' id='word_1_245' title='bbox 1122 2361 1365 2413; x_wconf 82' lang='lat' dir='ltr'>sequuntur</span> <span class='ocrx_word' id='word_1_246' title='bbox 1407 2361 1588 2401; x_wconf 88' lang='lat' dir='ltr'>nonita</span> 
     </span>
     <span class='ocr_line' id='line_1_32' title="bbox 187 2425 1588 2483; baseline 0.001 -16"><span class='ocrx_word' id='word_1_247' title='bbox 187 2430 352 2481; x_wconf 89' lang='lat' dir='ltr'>patent,</span> <span class='ocrx_word' id='word_1_248' title='bbox 386 2425 490 2481; x_wconf 87' lang='lat' dir='ltr'>quia</span> <span class='ocrx_word' id='word_1_249' title='bbox 522 2440 609 2467; x_wconf 88' lang='lat' dir='ltr'>non</span> <span class='ocrx_word' id='word_1_250' title='bbox 653 2428 757 2467; x_wconf 89' lang='lat' dir='ltr'>sunt</span> <span class='ocrx_word' id='word_1_251' title='bbox 801 2428 992 2466; x_wconf 86' lang='lat' dir='ltr'>correcta</span> <span class='ocrx_word' id='word_1_252' title='bbox 1038 2439 1115 2467; x_wconf 90' lang='lat' dir='ltr'>nec</span> <span class='ocrx_word' id='word_1_253' title='bbox 1161 2426 1362 2481; x_wconf 71' lang='lat' dir='ltr'>signata,</span> <span class='ocrx_word' id='word_1_254' title='bbox 1410 2431 1588 2483; x_wconf 86' lang='lat' dir='ltr'>propter</span> 
     </span>
     <span class='ocr_line' id='line_1_33' title="bbox 187 2493 1586 2550; baseline 0.001 -15"><span class='ocrx_word' id='word_1_255' title='bbox 187 2495 302 2548; x_wconf 86' lang='lat' dir='ltr'>quod</span> <span class='ocrx_word' id='word_1_256' title='bbox 353 2494 481 2535; x_wconf 87' lang='lat' dir='ltr'>modo</span> <span class='ocrx_word' id='word_1_257' title='bbox 535 2493 664 2535; x_wconf 84' lang='lat' dir='ltr'>mitto</span> <span class='ocrx_word' id='word_1_258' title='bbox 712 2493 935 2548; x_wconf 80' lang='lat' dir='ltr'>exemplar</span> <span class='ocrx_word' id='word_1_259' title='bbox 997 2497 1239 2535; x_wconf 87' lang='lat' dir='ltr'>correctum</span> <span class='ocrx_word' id='word_1_260' title='bbox 1257 2510 1266 2545; x_wconf 89' lang='lat'>;</span> <span class='ocrx_word' id='word_1_261' title='bbox 1329 2497 1374 2536; x_wconf 91' lang='lat' dir='ltr'>et</span> <span class='ocrx_word' id='word_1_262' title='bbox 1424 2495 1586 2550; x_wconf 88' lang='lat' dir='ltr'>poterit</span> 
     </span>
     <span class='ocr_line' id='line_1_34' title="bbox 185 2561 1585 2618; baseline 0.001 -16"><span class='ocrx_word' id='word_1_263' title='bbox 185 2565 331 2603; x_wconf 87' lang='lat' dir='ltr'>vestra</span> <span class='ocrx_word' id='word_1_264' title='bbox 361 2562 591 2603; x_wconf 84' lang='lat' dir='ltr'>beatitudo</span> <span class='ocrx_word' id='word_1_265' title='bbox 623 2561 771 2603; x_wconf 87' lang='lat' dir='ltr'>videre</span> <span class='ocrx_word' id='word_1_266' title='bbox 815 2566 907 2602; x_wconf 79' lang='grc'>10111</span> <span class='ocrx_word' id='word_1_267' title='bbox 952 2562 1148 2617; x_wconf 88' lang='lat' dir='ltr'>proprios</span> <span class='ocrx_word' id='word_1_268' title='bbox 1191 2562 1341 2603; x_wconf 87' lang='lat' dir='ltr'>modos</span> <span class='ocrx_word' id='word_1_269' title='bbox 1373 2564 1585 2618; x_wconf 78' lang='lat' dir='ltr'>arguendi</span> 
     </span>
     <span class='ocr_line' id='line_1_35' title="bbox 187 2629 1582 2678; baseline -0.001 -7"><span class='ocrx_word' id='word_1_270' title='bbox 187 2630 239 2671; x_wconf 87' lang='lat' dir='ltr'>de</span> <span class='ocrx_word' id='word_1_271' title='bbox 271 2644 414 2670; x_wconf 86' lang='lat' dir='ltr'>amore</span> <span class='ocrx_word' id='word_1_272' title='bbox 445 2629 625 2671; x_wconf 88' lang='lat' dir='ltr'>virtutis</span> <span class='ocrx_word' id='word_1_273' title='bbox 668 2629 770 2671; x_wconf 87' lang='lat' dir='ltr'>talis</span> <span class='ocrx_word' id='word_1_274' title='bbox 814 2632 859 2670; x_wconf 91' lang='lat' dir='ltr'>et</span> <span class='ocrx_word' id='word_1_275' title='bbox 910 2629 1022 2678; x_wconf 83' lang='lat' dir='ltr'>talis,</span> <span class='ocrx_word' id='word_1_276' title='bbox 1069 2629 1140 2670; x_wconf 89' lang='lat' dir='ltr'>vel</span> <span class='ocrx_word' id='word_1_277' title='bbox 1172 2630 1224 2670; x_wconf 91' lang='lat' dir='ltr'>de</span> <span class='ocrx_word' id='word_1_278' title='bbox 1256 2630 1432 2671; x_wconf 89' lang='lat' dir='ltr'>horrore</span> <span class='ocrx_word' id='word_1_279' title='bbox 1478 2630 1582 2670; x_wconf 88' lang='lat' dir='ltr'>viti-</span> 
     </span>
    </p>
   </div>
   <div class='ocr_carea' id='block_1_3' title="bbox 230 2857 1402 2953">
    <p class='ocr_par' dir='ltr' id='par_1_3' title="bbox 230 2857 1402 2953">
     <span class='ocr_line' id='line_1_36' title="bbox 230 2857 1259 2902; baseline 0.002 -14"><span class='ocrx_word' id='word_1_280' title='bbox 230 2858 236 2875; x_wconf 82' lang='grc'><em>·</em></span> <span class='ocrx_word' id='word_1_281' title='bbox 255 2857 387 2899; x_wconf 62' lang='lat' dir='ltr'>divium]</span> <span class='ocrx_word' id='word_1_282' title='bbox 415 2868 477 2890; x_wconf 91' lang='lat' dir='ltr'>om.</span> <span class='ocrx_word' id='word_1_283' title='bbox 497 2858 536 2890; x_wconf 89' lang='grc' dir='ltr'>Τ.</span> <span class='ocrx_word' id='word_1_284' title='bbox 869 2859 874 2902; x_wconf 86' lang='grc'>1</span> <span class='ocrx_word' id='word_1_285' title='bbox 964 2860 976 2878; x_wconf 80' lang='lat'><strong>²</strong></span> <span class='ocrx_word' id='word_1_286' title='bbox 983 2870 1046 2901; x_wconf 80' lang='lat' dir='ltr'>pro</span> <span class='ocrx_word' id='word_1_287' title='bbox 1061 2858 1111 2900; x_wconf 80' lang='lat' dir='ltr'>sc]</span> <span class='ocrx_word' id='word_1_288' title='bbox 1138 2868 1202 2890; x_wconf 89' lang='lat' dir='ltr'>om.</span> <span class='ocrx_word' id='word_1_289' title='bbox 1221 2857 1259 2890; x_wconf 88' lang='lat' dir='ltr'>T.</span> 
     </span>
     <span class='ocr_line' id='line_1_37' title="bbox 301 2921 1402 2953; baseline 0.001 -1"><span class='ocrx_word' id='word_1_290' title='bbox 301 2922 400 2952; x_wconf 81' lang='lat' dir='ltr'>VOL.</span> <span class='ocrx_word' id='word_1_291' title='bbox 434 2923 460 2953; x_wconf 90' lang='grc' dir='ltr'>Ι.</span> <span class='ocrx_word' id='word_1_292' title='bbox 1370 2921 1402 2953; x_wconf 87' lang='lat' dir='ltr'>U</span> 
     </span>
    </p>
   </div>
  </div>
 </body>
</html>
