1964 3259
238 262 391 321 mur]
756 273 869 304 orus
901 272 1113 303 TERTIUM.
1552 261 1634 302 261.

236 382 426 423 cundum
460 381 737 434 Horatium,¹
773 382 875 437 quia
897 381 1036 422 simile
1073 383 1139 420 est
1171 377 1406 435 praedictiS,
1430 378 1506 420 sed
1536 392 1640 419 usus

236 450 450 505 producit.
546 450 840 505 Excipiuntur
890 447 1108 499 Anthene,
1160 446 1387 502 Mitylene,
1421 445 1550 488 Siene
1592 445 1640 486 in

237 517 473 569 Ezechiele,
517 521 731 573 quatenus
776 517 823 557 in
854 530 980 571 prosa
1019 515 1153 556 habet
1190 518 1416 556 accentum
1462 516 1640 555 acutum

236 600 365 640 super
395 586 693 641 penultimam,
726 584 827 625 licet
858 584 915 625 sit
945 583 1098 624 brevis.

296 667 317 694 c
347 656 449 694 ante
480 669 505 694 ν’
536 652 771 703 breviatur,
794 655 845 692 ut
874 651 1042 701 Patera,
1065 650 1219 692 civitas
1252 650 1389 691 sancti
1422 648 1637 700 Nicholai,

238 724 281 762 et
310 721 450 762 multa
480 735 576 775 quae
608 724 714 762 nota
745 722 859 761 sunt.
925 718 1216 774 Excipiuntur
1237 718 1415 769 Maiera,
1451 717 1638 773 Megera.

239 788 325 829 Sed
370 788 462 830 haec
507 788 786 830 breviantur:
831 786 1041 838 Treveris,
1077 786 1247 835 teneris,
1288 789 1331 826 et
1378 784 1551 840 poderis
1593 784 1640 824 in

237 870 319 896 usu
349 856 585 906 breviatur,
611 855 713 897 licet
744 855 791 896 in
823 854 972 896 Graeco
1004 854 1279 909 producatur.
1344 852 1452 904 Quae
1484 853 1530 893 in
1559 866 1641 893 ‘rus

238 923 442 965 desinunt
478 924 791 979 producuntur,
834 926 885 964 ut
927 922 1131 972 sincerus,
1163 924 1207 963 et
1234 920 1438 962 similiter
1466 920 1642 961 sinceris

238 1006 434 1047 semper;
466 992 519 1033 de
551 1006 636 1046 quo
668 991 897 1046 apostolus,
934 993 1022 1031 “ut
1054 990 1150 1031 sitis
1182 987 1405 1030 sinceres.”
1468 987 1642 1043 Excipi-

238 1063 373 1100 untur
404 1059 666 1101 Eleutherus
697 1062 742 1100 et
774 1059 975 1114 quzedam
1007 1058 1100 1098 alia.

299 1142 319 1168 c
341 1131 443 1169 ante
475 1142 495 1169 8
523 1128 760 1175 breviatur,
779 1131 830 1168 ut
853 1126 1045 1176 Genesis,
1067 1129 1111 1166 et
1134 1125 1284 1166 multa.
1348 1123 1643 1179 Excipiuntur

241 1197 478 1237 secundum
513 1196 713 1238 Graecum
736 1195 925 1244 frenesis,
949 1193 1141 1243 fronesis,
1165 1191 1373 1234 mathesis
1405 1191 1642 1233 secundum

242 1264 359 1319 quod
391 1264 609 1319 significat
659 1263 946 1318 disciplinam,
984 1265 1028 1303 et
1064 1260 1234 1316 poesis,
1288 1263 1331 1301 et
1382 1259 1429 1300 in
1482 1258 1643 1301 Graecis

242 1332 464 1373 vocabulis
498 1335 613 1373 recte
643 1332 899 1372 deberemus
922 1329 1096 1371 Graecos
1127 1328 1302 1370 imitari.
1367 1327 1644 1369 Praeteritum

242 1400 289 1440 in
322 1398 396 1451 esi,
431 1402 475 1440 et
516 1399 719 1455 supinum
772 1398 819 1439 in
872 1412 1008 1448 esum,
1063 1399 1107 1438 et
1158 1395 1440 1451 participium
1492 1395 1548 1435 ab
1595 1408 1644 1436 eo

243 1468 492 1518 formatum,
526 1467 839 1522 producuntur,
873 1469 924 1507 ut
957 1465 1119 1513 adhesi,
1154 1464 1317 1512 obesus,
1353 1477 1600 1504 commesus.

303 1550 322 1577 c
344 1539 445 1576 ante
478 1534 779 1590 &producituiy
813 1537 865 1574 ut
896 1533 1074 1583 athleta,
1098 1531 1283 1572 boletus.
1349 1530 1647 1586 Excipiuntur

244 1604 381 1644 Areta
414 1602 460 1643 in
492 1602 690 1653 Actibus,
721 1604 766 1642 et
803 1604 920 1642 arete
954 1600 1071 1655 quod
1097 1602 1163 1640 est
1194 1599 1348 1650 virtus,
1373 1598 1644 1654 Massagetae,

243 1671 422 1713 veletus
497 1670 806 1711 Producuntur
858 1668 992 1710 etiam
1046 1667 1225 1716 Libetis‚
1282 1666 1551 1722 Rampnetis,
1604 1669 1648 1708 et

245 1737 495 1794 hujusmodi
543 1737 729 1792 obliqui3
782 1736 857 1778 sed
894 1736 1030 1792 aliqui
1061 1735 1331 1784 breviantur,
1384 1737 1434 1775 ut
1485 1734 1646 1786 arietis,

245 1806 437 1863 parietis,
470 1806 641 1848 Seretis.

304 1874 325 1916 i
357 1877 459 1915 ante
492 1872 515 1914 b
551 1872 788 1923 breviatur,
826 1874 877 1912 ut
915 1870 1139 1920 Mulciber,
1180 1869 1384 1911 Celtiber.

305 1942 326 1984 ’ἰ
367 1945 470 1983 ante
513 1955 534 1983 c
574 1940 814 1990 breviatur,
856 1941 908 1980 ut
951 1938 1151 1987 Helicon,
1206 1937 1425 1993 pervicax,
1472 1937 1649 1980 aulicus.

249 2010 541 2065 Excipiuntur
573 2008 748 2059 amicus,
772 2007 952 2062 apricus,
986 2009 1031 2047 et
1062 2006 1239 2061 propria
1269 2005 1447 2046 nomina
1478 2005 1648 2056 Latina,

247 2082 297 2119 ut
320 2077 585 2119 Fredericus.
649 2075 735 2117 Sed
760 2075 910 2116 Graeca
946 2073 1251 2129 corripiuntur,
1288 2076 1339 2114 ut
1361 2073 1649 2125 Andronicus,

248 2146 454 2187 Tithicus.
520 2145 693 2186 Nomen
721 2143 768 2184 in
801 2142 876 2184 sica
908 2142 1146 2193 breviatur,
1179 2144 1231 2183 ut
1262 2141 1443 2191 cronica,
1476 2141 1649 2190 scutica,

250 2214 396 2263 Utica,
428 2213 589 2269 pedica,
640 2211 947 2260 Salomantica,
986 2209 1273 2251 Tessalonica.
1359 2208 1654 2265 Excipiuntur

248 2282 392 2332 lorica,
425 2281 588 2330 mirica,
623 2279 791 2335 postica
821 2278 892 2320 vel
922 2278 1148 2333 posticum,
1182 2279 1227 2318 et
1257 2276 1517 2332 hujusmodi.
1561 2276 1651 2317 No-

249 2365 350 2392 men
381 2350 428 2391 in
459 2348 560 2391 icen
605 2347 846 2398 breviatur,
893 2349 944 2387 ut
975 2345 1178 2397 tubicen3
1212 2344 1431 2400 excipitur
1461 2343 1653 2396 tibicen;

250 2423 294 2460 et
315 2417 538 2474 genitivus
560 2416 607 2458 in
628 2415 714 2458 icis
748 2414 930 2457 veniens
967 2428 993 2454 a
1034 2412 1309 2454 nominativo
1345 2412 1394 2453 in
1429 2410 1481 2453 ’ἰοῦ
1511 2411 1656 2453 brevi-

250 2490 363 2538 atur,
399 2488 450 2527 ut
484 2484 644 2533 caricis,
669 2483 846 2539 pellicis,
881 2481 1045 2523 indicis.
1099 2481 1264 2522 Tamen
1284 2480 1419 2521 vibex
1454 2479 1655 2535 producit

252 2554 417 2595 vibicis.
479 2552 540 2594 Et
560 2552 784 2607 genitivus
815 2549 997 2591 veniens
1029 2564 1054 2589 a
1087 2548 1362 2589 nominativo
1394 2548 1440 2588 in
1478 2561 1528 2588 ea:
1558 2548 1655 2588 bre-

255 2621 412 2670 viatur,
437 2624 489 2661 ut
508 2620 653 2671 onicis,
670 2618 917 2667 sardonicis,
934 2616 1119 2666 fornicis,
1139 2616 1308 2666 varicis,
1326 2614 1525 2663 sandicis,
1544 2629 1655 2655 mas-

259 2689 369 2739 ticiS,
393 2688 523 2730 silicis
543 2705 551 2740 ;
584 2688 659 2729 sed
690 2687 776 2728 alia
806 2687 1055 2741 longantur,
1078 2688 1130 2725 ut
1151 2683 1287 2733 ibicis,
1308 2681 1471 2732 lodicis,
1494 2681 1656 2723 fenicis.

314 2755 335 2797 ἱ
366 2758 468 2796 ante
500 2755 531 2797 cl
561 2755 797 2806 breviatur,
831 2757 882 2795 ut
920 2752 1128 2803 Numida,
1185 2750 1374 2800 Persida,
1430 2749 1654 2799 Bachides,

717 2914 724 2932 ¹
744 2911 934 2953 Horatium]
963 2910 1029 2943 Sat.
1046 2909 1066 2941 i.
1082 2913 1111 2949 2,
1131 2912 1184 2941 25.
