1964 3259
137 2183 251 2215 Philo-

136 2228 243 2270 sophy
253 2236 326 2260 use-

136 2273 211 2311 less,
231 2269 341 2304 unless

135 2316 171 2348 in
188 2318 318 2349 subser-

135 2361 251 2393 vienee
272 2366 306 2394 to

137 2405 250 2437 divine

137 2449 286 2483 wisdom.

351 281 404 320 82
850 289 1020 320 ROGERI
1052 287 1245 319 BAcoms
1636 279 1752 334 [cAP.

344 422 490 449 rerum
540 406 823 459 naturalium,
861 406 1157 449 artificialium
1198 408 1244 448 et
1284 405 1543 458 moralium3
1585 409 1637 449 ut
1678 420 1755 462 per

344 475 652 518 convenientes
697 475 1002 532 adaptationes
1053 478 1098 517 et
1158 474 1470 517 similitudines
1522 473 1754 516 eliciantur

344 559 494 586 sensus
529 544 803 600 spirituales3
835 546 886 586 ut
906 544 967 585 sic
1003 543 1133 586 simul
1154 543 1318 585 sciatur
1348 542 1623 599 philosophia
1655 557 1755 584 cum

343 614 590 670 theologia3
627 614 731 670 quia
766 613 1042 670 philosophia
1082 613 1195 654 nihil
1235 612 1340 654 facit
1398 611 1485 653 nisi
1539 612 1757 668 explicare

344 686 527 724 naturas
576 686 622 725 et
673 683 964 739 proprietates
1016 697 1162 724 rerum
1203 681 1486 733 naturalium,
1542 695 1639 736 quae
1684 680 1752 735 ja-

345 754 445 793 cent
478 751 527 792 in
562 753 693 793 textu
727 765 847 793 sacro
884 766 911 792 a
944 751 1125 792 summis
1157 750 1365 793 coelorum
1402 763 1540 805 usque
1576 749 1633 791 ad
1668 751 1755 791 ter-

345 819 487 861 minos
519 833 680 872 eorum,
718 822 763 861 et
793 819 1091 861 artificialium
1122 822 1168 860 et
1200 818 1433 860 moralium
1450 834 1460 870 3
1497 818 1611 860 sicut
1642 831 1757 874 pono

344 887 408 929 ibi
449 888 699 944 exemplum
742 888 795 929 de
829 888 955 930 Iride.
1047 887 1180 929 Unde
1222 887 1315 930 haec
1356 894 1422 929 est
1463 887 1538 928 via
1579 886 1757 942 propria

346 956 509 997 sciendi
546 956 832 1012 Scripturam,
866 959 911 998 et
947 956 1021 998 via
1053 959 1318 1005 sanctorum,
1362 959 1407 997 et
1451 955 1646 997 omnium
1689 969 1755 996 sa-

346 1024 547 1079 pientum
614 1024 896 1080 antiquorum
916 1024 942 1076 31
1007 1028 1058 1066 ut
1119 1024 1307 1080 episcopi
1350 1023 1666 1065 Lincolniensis
1717 1026 1763 1064 et

347 1092 495 1133 fratris
526 1093 649 1144 Adae,
691 1096 736 1134 et
768 1093 983 1144 aliorum3
1036 1095 1087 1134 ut
1128 1093 1188 1134 sic
1229 1095 1326 1133 tota
1363 1091 1650 1148 philosophiae
1692 1105 1758 1133 sa-

348 1160 516 1215 pientia
551 1160 715 1202 sciatur
751 1160 800 1201 in
832 1163 965 1203 textu
1001 1160 1096 1202 Dei.
1181 1160 1241 1202 Et
1281 1163 1379 1201 tota
1412 1162 1610 1215 potestas
1645 1158 1759 1214 juris

349 1228 546 1271 canonici
573 1230 692 1285 jacet
724 1230 770 1270 in
807 1244 935 1271 sensu
968 1228 1153 1271 litterali
1186 1234 1230 1271 et
1251 1228 1484 1285 spirituali,
1515 1231 1560 1270 et
1586 1228 1641 1270 ab
1673 1227 1760 1269 illis

352 1297 540 1339 elicitur.
636 1298 756 1339 Nam
799 1298 1009 1353 quicquid
1051 1297 1161 1340 sacri
1214 1300 1260 1339 et
1317 1297 1478 1338 summi
1531 1296 1760 1352 pontifices

351 1369 604 1408 statuerunt
636 1366 684 1407 in
714 1366 815 1423 jure
844 1366 1050 1408 canonico
1086 1365 1464 1408 confirmaverunt
1498 1379 1575 1421 per
1611 1367 1758 1406 aucto-

350 1435 505 1477 ritates
546 1438 699 1476 textus
741 1435 862 1487 sacri,
895 1438 940 1476 et
974 1449 1050 1491 per
1087 1434 1206 1476 dicta
1243 1437 1506 1483 sanctorum,
1548 1436 1602 1474 ut
1638 1436 1763 1489 patet

351 1518 427 1559 per
460 1506 606 1545 totum
640 1518 795 1560 corpus
831 1503 946 1559 juris
981 1502 1206 1555 canonici3
1244 1503 1362 1544 unde
1400 1502 1552 1544 eadem
1586 1505 1653 1544 est
1683 1502 1762 1544 sci-

353 1572 472 1613 entia
521 1571 710 1627 penitus,
764 1571 868 1626 quia
926 1571 1039 1613 nihil
1090 1571 1178 1612 nisi
1229 1571 1300 1612 lex
1354 1571 1450 1623 Dei,
1504 1585 1580 1626 per
1631 1585 1763 1626 quam

354 1639 530 1680 ecclesia
571 1640 751 1695 regitur,
782 1640 1008 1681 invenitur
1048 1639 1295 1694 utrobique.
1373 1639 1491 1680 Nam
1534 1639 1647 1680 sicut
1687 1653 1764 1694 per

355 1707 496 1748 Vetus
549 1707 881 1749 Testamentum
923 1706 1178 1749 litteraliter
1240 1706 1416 1748 ecclesia
1477 1706 1762 1761 antiquorum

354 1775 598 1830 regebatur,
623 1776 682 1817 sic
706 1790 824 1817 nunc
852 1790 929 1831 per
962 1790 1137 1817 sensum
1162 1774 1435 1831 spiritualem
1457 1773 1630 1816 Veteris
1663 1774 1766 1817 Tes-

354 1843 543 1884 tamenti
581 1846 626 1884 et
659 1858 736 1899 per
767 1844 947 1887 Novum
979 1844 1113 1885 habet
1154 1843 1246 1899 regi
1281 1841 1392 1884 Dei2
1427 1841 1615 1884 ecclesia.
1677 1842 1765 1884 Sed

355 1911 503 1952 nullus
544 1914 689 1966 potest
729 1926 889 1968 negare
923 1911 1033 1967 quin
1065 1914 1245 1967 regatur
1279 1925 1356 1966 per
1390 1910 1464 1965 jus
1498 1911 1763 1953 canonicum.

357 1978 475 2035 Ergo
516 1979 597 2020 hoc
643 1979 719 2035 jus
761 1979 1014 2021 continetur
1064 1980 1112 2020 in
1155 1978 1373 2035 sapientia
1427 1978 1536 2034 legis
1589 1978 1766 2031 divinae,

357 2050 402 2089 et
444 2051 574 2089 erunt
616 2063 704 2090 una
746 2048 965 2105 sapientia
998 2051 1154 2090 mutuo
1195 2062 1240 2089 se
1280 2047 1422 2090 modis
1458 2045 1616 2089 variis3
1667 2062 1767 2090 con-

357 2116 559 2158 tinentes.

419 2184 480 2226 Et
521 2187 664 2227 totam
717 2185 830 2227 hanc
886 2185 1191 2241 probationem
1231 2184 1342 2226 facio
1401 2188 1580 2240 propter
1630 2187 1767 2227 certas

359 2267 509 2295 causas
551 2253 730 2295 omnino
773 2251 1021 2295 notandas.4
1093 2252 1199 2295 Una
1240 2255 1306 2294 est
1336 2255 1516 2307 propter
1545 2250 1767 2294 vestrum5

360 2320 619 2362 mandatum
651 2321 704 2362 de
736 2321 1024 2378 philosophia,
1073 2324 1124 2363 ut
1157 2320 1384 2363 ostendam
1425 2320 1543 2375 quod
1578 2320 1767 2376 philoso-

360 2388 464 2443 phia
500 2388 674 2430 inutilis
724 2389 783 2431 sit
831 2393 876 2431 et
912 2404 1039 2439 vana,
1082 2389 1167 2430 nisi
1218 2391 1351 2444 prout
1401 2387 1457 2429 ad
1504 2388 1766 2444 sapientiam

361 2455 446 2497 Dei
482 2456 691 2506 elevatur,
743 2460 795 2498 ut
832 2457 872 2498 ei
921 2457 1085 2499 serviat
1120 2456 1332 2507 absolute,
1384 2457 1428 2497 et
1463 2455 1670 2498 relative⁶
1710 2457 1767 2498 ad

361 2524 595 2575 ecclesiam,
635 2527 680 2566 et
716 2528 874 2568 caetera
903 2526 1000 2576 tria,
1035 2524 1105 2567 cui
1141 2524 1305 2567 servire
1338 2539 1519 2582 regnare
1556 2527 1633 2576 est,
1656 2525 1768 2568 sicut

409 2736 612 2779 ¹sapz'enlum
663 2737 881 2780 antiquorum]
945 2737 1031 2771 anti·
1144 2737 1155 2757 ‘¹
1171 2736 1346 2780 notandas]
1373 2738 1588 2777 annotandas,
1613 2738 1652 2771 T.

366 2799 507 2831 quorum
523 2789 719 2831 sapientum,
743 2790 782 2823 T.
1145 2817 1157 2838 ⁶
1172 2815 1324 2858 vestrum]
1350 2826 1465 2848 verum
1499 2817 1529 2851 B

407 2842 421 2860 ²
436 2841 522 2883 Dei]
549 2852 613 2874 om.
637 2843 676 2875 T.
1468 2841 1476 2855 '
1531 2842 1538 2849 '

410 2895 422 2912 ²
438 2894 535 2925 modis
558 2895 677 2938 variis]
703 2895 804 2928 variis
826 2895 944 2936 modis,
966 2895 1005 2928 T.
1144 2895 1156 2912 ⁶
1171 2891 1320 2938 relative]
1347 2894 1458 2936 relate,
1481 2895 1519 2928 B.
