1964 3259
364 243 386 282 5
403 242 410 282 Ι
426 242 449 282 2
861 250 1030 282 noossm
1063 250 1255 281 nAcoms
1653 241 1767 298 [cm

361 384 461 411 casu
493 369 655 412 scilicet
699 385 833 425 quum
881 369 1050 425 syllaba
1096 369 1280 420 acuitur,
1319 371 1368 410 ut
1416 368 1543 420 theos,
1588 369 1764 424 lonsson,

363 437 420 480 Os
452 438 578 488 0111111,
625 438 782 480 ultima
813 438 983 494 syllaba
1015 438 1146 493 hujus
1177 437 1381 480 dictionis
1413 437 1540 488 theos,
1589 442 1767 480 natura-

360 507 460 548 liter
492 511 557 548 est
588 510 728 558 acuta,
763 511 807 549 et
840 507 1029 548 vertitur
1061 507 1107 548 in
1156 521 1336 563 gravem
1368 510 1546 562 propter
1580 507 1766 563 primam

359 575 571 630 syllabam
605 575 808 616 dictionis
840 576 1069 630 sequentis,
1105 590 1201 631 quae
1234 579 1299 617 est
1332 578 1469 617 acuta.
1535 575 1765 631 Regularis

359 644 475 686 enim
508 644 661 685 modus
692 643 978 685 accentuandi
1010 647 1076 685 est
1107 645 1224 700 quod
1247 659 1334 686 una
1355 644 1525 700 syllaba
1546 648 1763 700 gravetur,

360 716 404 754 et
435 712 521 754 alia
552 727 734 768 sequens
765 715 956 762 acuatur,
991 713 1082 754 sive
1123 713 1169 754 in
1213 728 1303 754 una
1347 714 1549 763 dictione,
1584 714 1675 755 sive
1720 714 1767 754 in

359 781 568 837 pluribus,
592 781 677 823 nisi
699 781 934 837 aliquando
956 782 1054 823 duze
1086 782 1349 824 naturaliter
1379 782 1520 838 longae
1542 782 1767 833 uniantur,

359 854 410 892 ut
441 855 627 892 motura.
685 850 745 892 Et
768 850 871 906 quia
901 849 1020 906 prior
1042 850 1212 906 syllaba
1243 851 1406 907 pendet
1437 851 1493 892 ad
1515 854 1765 906 sequentem

359 923 536 975 propter
567 919 830 961 sententiam
877 923 921 961 et
964 919 1242 961 conventiam
1280 919 1484 961 dictionis
1532 920 1763 975 sequentis,

360 992 404 1029 ct
436 1003 524 1029 11011
556 988 728 1029 sistitur
759 988 832 1038 ibi,
865 987 963 1029 ideo
994 992 1203 1044 gravatur
1242 988 1334 1030 haec
1373 988 1543 1044 syllaba
1590 1003 1636 1030 os
1658 1004 1675 1038 ‚·
1724 992 1768 1029 01

360 1060 537 1112 propter
567 1057 646 1098 hoc
678 1060 849 1113 oportet
883 1057 999 1112 quod
1031 1056 1205 1112 signum
1227 1060 1485 1113 apponatur,
1512 1057 1614 1112 quia
1635 1057 1764 1099 aliter

359 1140 447 1168 non
478 1125 769 1167 innotesceret
799 1125 900 1167 haec.
966 1124 1053 1166 Sed
1095 1125 1268 1180 quando
1306 1126 1475 1180 syllaba
1505 1126 1766 1168 naturaliter

360 1198 424 1236 est
445 1194 590 1250 gravis
612 1208 700 1235 non
721 1193 902 1250 ponitur
924 1193 1108 1249 signum,
1135 1208 1183 1235 eo
1216 1194 1332 1249 quod
1354 1193 1544 1249 privatio
1567 1194 1680 1249 signi
1703 1197 1768 1235 est

360 1263 399 1305 ei
431 1277 507 1319 pro
540 1263 674 1319 signo.
739 1262 923 1318 Propter
954 1262 1033 1304 1100
1065 1265 1193 1304 acuta
1225 1261 1394 1317 syllaba
1426 1265 1470 1304 et
1491 1262 1769 1304 circumflexa

361 1332 591 1388 signantur
637 1346 818 1387 semper,
857 1334 902 1373 et
948 1331 1045 1372 ideo
1088 1345 1176 1372 non
1229 1333 1402 1386 oportet
1454 1331 1571 1386 quod
1622 1332 1769 1387 gravis

361 1401 570 1457 signetur,
604 1400 707 1456 quia
758 1399 989 1442 manifesta
1040 1403 1106 1442 est
1157 1415 1213 1442 ex
1245 1399 1492 1456 privatione
1539 1400 1652 1456 signi
1694 1415 1770 1455 per

362 1469 610 1525 oppositum
632 1469 688 1510 ad
720 1472 895 1510 acutam
928 1469 1141 1524 syllabam
1174 1471 1219 1510 et
1251 1468 1582 1510 circumflexam.
1645 1468 1770 1510 Post-

362 1553 491 1593 quam
540 1538 656 1580 enim
704 1538 931 1594 signentur
982 1542 1111 1579 acuta
1165 1540 1210 1579 et
1268 1536 1428 1593 gravis,
1488 1537 1768 1579 manifestum

362 1610 429 1648 est
467 1607 581 1662 quod
629 1607 769 1648 omnis
813 1606 900 1648 alia
947 1605 1117 1661 syllaba
1163 1606 1210 1647 in
1263 1620 1349 1661 qua
1400 1620 1488 1647 non
1526 1606 1769 1662 reperiatur

361 1690 508 1716 earum
542 1675 715 1732 signum
753 1675 810 1715 sit
842 1674 998 1731 gravis.
1063 1674 1123 1715 Et
1165 1674 1262 1716 ideo
1304 1688 1392 1715 non
1435 1677 1609 1730 oportet
1652 1675 1767 1729 quod

361 1744 567 1800 signetur.
631 1743 755 1785 Sicut
787 1744 973 1785 rusticus
1004 1743 1169 1784 habens
1209 1747 1297 1784 tres
1336 1758 1449 1794 oves,
1497 1743 1533 1784 01
1577 1743 1769 1799 signavit

361 1813 480 1863 duas,
513 1812 647 1853 tertia
678 1811 785 1852 satis
817 1811 1089 1867 cognoscitur
1119 1826 1173 1852 ex
1205 1811 1451 1866 privatione
1483 1812 1606 1867 signi,
1632 1815 1675 1852 et
1708 1812 1770 1853 ita

361 1881 469 1922 bene
515 1884 559 1922 et
604 1880 758 1921 melius
804 1895 935 1935 qnam
989 1881 1024 1921 si
1078 1880 1259 1921 haberet
1311 1881 1531 1935 proprium
1586 1881 1767 1936 signum.

364 1949 423 1990 Et
461 1948 603 1990 omnis
642 1948 944 2003 monosyllaba
982 1948 1115 1990 dictio
1154 1948 1224 1990 vel
1263 1949 1436 1990 acuitur
1473 1949 1544 1990 vel
1592 1949 1770 1990 circum-

361 2017 554 2058 flectitur
585 2017 702 2073 apud
734 2031 816 2067 eos,
850 2016 882 2058 si
918 2031 995 2073 per
1033 2031 1077 2058 se
1110 2016 1416 2068 consideretur,
1451 2020 1494 2059 et
1526 2017 1771 2073 proferatur

363 2091 488 2128 extra
540 2086 792 2127 orationem.
888 2085 974 2127 Sed
1033 2099 1121 2126 11011
1173 2085 1526 2127 circumflectitur
1576 2085 1661 2126 nisi
1713 2086 1771 2126 sit

362 2155 623 2196 naturaliter
653 2154 795 2210 longa.
857 2153 960 2195 Non
991 2157 1140 2195 tamen
1179 2153 1320 2195 omnis
1352 2154 1611 2196 naturaliter
1641 2154 1771 2209 longa

363 2223 729 2265 circumflectitur.
796 2222 854 2264 Et
894 2223 929 2263 si
969 2214 1249 2278 praeponatur
1284 2222 1413 2264 alicui
1460 2223 1583 2278 gravi
1629 2223 1770 2264 adhuc

363 2306 451 2333 non
485 2294 630 2333 mutat
661 2291 708 2331 in
741 2290 938 2332 oratione
970 2306 1096 2332 suum
1129 2291 1373 2332 naturalem
1405 2294 1645 2333 accentum.
1711 2292 1770 2332 Et

363 2361 399 2400 si
430 2360 540 2400 nihil
572 2360 714 2414 ipsum
747 2362 965 2414 sequatur,
1000 2359 1073 2400 sed
1106 2360 1163 2401 sit
1194 2359 1241 2400 in
1272 2359 1358 2401 fine
1392 2359 1599 2401 orationis
1631 2360 1770 2401 adhuc

364 2443 450 2468 non
483 2431 680 2469 mutatur
712 2428 759 2468 in
781 2441 970 2482 gravem,
1005 2427 1079 2468 sed
1111 2431 1257 2469 servat
1278 2432 1500 2469 accentum
1524 2429 1769 2469 naturalem

364 2496 447 2537 nisi
480 2495 538 2536 sit
569 2495 769 2537 enclitica
811 2495 956 2547 dictio,
990 2499 1040 2537 ut
1072 2494 1264 2537 (cholcccs
1300 2495 1382 2546 mi,
1422 2496 1468 2536 id
1500 2499 1576 2546 est,
1610 2496 1769 2538 dedisti

365 2564 485 2616 inihi,
533 2563 646 2605 sicut
678 2563 795 2618 apud
837 2577 925 2612 nos,
972 2577 1065 2618 que,
1109 2577 1174 2613 sne,
1228 2577 1286 2613 ve,
1337 2578 1433 2618 quae
1476 2563 1578 2605 licet
1621 2564 1673 2605 110
1725 2580 1769 2606 se

365 2635 592 2682 acuuntur,
653 2634 803 2672 tamen
849 2636 1092 2687 gravantur
1123 2632 1169 2672 in
1201 2632 1409 2681 oratione,
1464 2632 1567 2687 quia
1611 2636 1770 2674 natura

365 2716 513 2743 eorum
545 2703 623 2752 est,
656 2710 707 2741 ut
739 2699 951 2741 inclinent
983 2704 1207 2741 accentum
1240 2700 1295 2741 ad
1339 2701 1574 2742 dictionem
1614 2717 1771 2757 praecc—

366 2770 553 2820 dentem,
603 2771 648 2809 et
694 2768 792 2809 ideo
845 2771 1057 2810 vocantur
1110 2768 1348 2818 encliticae3
1400 2769 1602 2811 similiter
1652 2771 1768 2825 apud

368 2838 547 2880 (3110000.
634 2836 730 2880 Hoc
789 2837 904 2877 enim
957 2851 1195 2892 pronomen
1262 2837 1330 2878 ‘mi
1382 2840 1447 2879 est
1511 2838 1767 2881 encliticum.
