1964 3259
727 244 841 275 opus
871 244 1024 275 MINUS.
1487 236 1571 276 369

247 356 332 398 Sed
414 359 540 399 aliter
620 361 800 413 possunt
881 357 1143 398 considerari
1205 357 1297 398 haec
1360 357 1574 399 elementa

175 425 410 466 secundum
464 425 699 481 qualitates
761 428 959 479 quatuor,
1023 424 1222 475 calidum,
1285 424 1454 476 siccum,
1498 425 1575 465 hu-

175 492 373 543 1111(111111,1
420 497 497 535 etc.
541 508 637 548 quae
669 496 883 534 vocantur
921 495 1109 547 quatuor
1140 492 1372 546 qualitates
1417 492 1573 534 activae

175 562 220 600 et
281 561 498 616 passivae:
572 561 730 602 siccum
791 560 906 601 enim
969 563 1013 601 et
1074 560 1304 601 humidum
1374 560 1571 616 passivae,

175 628 363 670 calidum
395 635 438 671 et
470 629 677 684 frigidum
709 628 876 670 activae.
940 628 998 669 Et
1030 627 1132 669 licet
1164 629 1322 670 siccum
1354 632 1399 669 et
1430 629 1575 669 humin

176 695 281 736 dum
333 697 422 738 sint
473 696 666 751 passivae,
714 695 865 737 habito
916 699 1113 751 respectu
1154 696 1210 737 ad
1251 696 1573 737 vehementiam

176 763 357 805 actionis
410 763 539 806 calidi
590 766 634 805 et
682 763 842 819 frigidi,
896 767 1044 805 tamen
1096 764 1332 805 secundum
1376 779 1419 805 se
1471 767 1574 804 sunt

175 831 360 883 activae3
392 835 438 873 et
478 831 678 873 similiter
719 831 907 872 calidum
941 834 986 873 et
1016 831 1227 887 frigidum
1272 834 1375 873 sunt
1418 832 1574 873 activae

175 903 371 954 respectu
423 899 607 940 aliarum
659 900 936 955 qualitatum,
983 902 1026 941 et
1063 902 1211 941 tamen
1253 900 1488 942 secundum
1531 914 1573 940 se

176 970 279 1008 sunt
330 967 525 1022 passivae.
589 967 702 1019 Quia
753 967 1011 1009 Aristoteles
1064 968 1188 1009 docet
1239 969 1369 1009 tertio
1422 968 1575 1023 Physi-

177 1034 355 1076 corum2
403 1039 446 1077 et
493 1035 604 1077 libro
653 1036 718 1077 De
752 1034 1070 1077 Generationess
1102 1036 1218 1090 quod
1261 1036 1401 1077 omnis
1443 1051 1574 1092 agens

175 1102 352 1157 physice
396 1104 566 1159 patitur
607 1108 652 1145 et
683 1118 705 1145 e
737 1118 950 1145 converso.
1015 1103 1062 1145 Si
1105 1118 1206 1159 ergo
1248 1104 1576 1145 considerentur

176 1170 390 1212 elementa
421 1171 658 1213 secundum
690 1171 766 1213 has
804 1176 992 1227 quatuor
1024 1172 1270 1227 qualitates,
1303 1179 1405 1214 tunc
1437 1172 1576 1213 oritur

176 1239 416 1293 complexio
447 1239 493 1279 in
523 1238 665 1280 mixto
698 1240 768 1281 vel
799 1240 1034 1281 secundum
1063 1240 1359 1294 aequalitatem
1390 1240 1574 1280 istarum

178 1309 365 1360 quatuor
409 1307 672 1362 qualitatum
706 1308 774 1348 vel
806 1307 1048 1348 dominium
1093 1307 1285 1363 alicujus.
1348 1308 1576 1349 Elementa

177 1374 294 1415 enim
341 1375 475 1430 priori
516 1375 644 1416 modo
686 1375 957 1416 considerata
1003 1375 1169 1417 faciunt
1221 1376 1575 1431 compositionem

177 1442 318 1491 mixti,
386 1446 430 1484 et
493 1442 573 1484 hoc
645 1444 772 1484 modo
833 1443 1000 1484 faciunt
1062 1443 1414 1499 complexionem,
1480 1458 1577 1498 quae

178 1513 242 1550 est
274 1510 462 1564 qualitas
509 1525 770 1566 consurgens
803 1526 857 1552 ex
889 1511 1141 1565 aequalitate
1185 1511 1341 1552 horum
1389 1515 1577 1567 quatuor

177 1577 247 1617 vel
268 1592 320 1618 ex
354 1578 546 1619 dominio
577 1578 772 1633 alicujus.
839 1579 936 1620 Hoc
968 1578 1104 1634 igitur
1142 1579 1268 1620 modo
1290 1579 1400 1620 bene
1432 1583 1577 1635 potest

176 1659 267 1686 esse
298 1646 528 1701 aequalitas
558 1661 670 1701 pura
711 1646 948 1687 secundum
992 1647 1205 1688 virtutem
1238 1650 1281 1688 et
1312 1650 1576 1702 potestatem

179 1713 379 1764 activam,
415 1714 518 1756 licet
548 1729 635 1756 non
668 1715 905 1756 secundum
938 1715 1234 1769 quantitatem
1267 1729 1414 1756 earum
1447 1730 1577 1770 quam

177 1781 333 1823 medici
378 1785 538 1824 vocant
584 1783 765 1839 pondus,
798 1782 911 1824 sicut
955 1783 1039 1823 erit
1083 1783 1130 1823 in
1174 1783 1426 1838 corporibus
1478 1787 1577 1838 post

176 1850 544 1891 resurrectionem.
635 1851 694 1891 Et
739 1850 836 1891 ideo
888 1864 977 1891 non
1028 1849 1113 1891 erit
1155 1850 1302 1905 aliqua
1343 1850 1579 1891 alteratio4

177 1917 317 1958 mixto
348 1918 440 1959 tali.
494 1918 611 1958 Nam
642 1918 719 1958 ubi
750 1917 978 1973 {equalitas
1009 1918 1306 1972 potentiarum
1336 1918 1577 1959 activarum

178 1987 244 2025 est
275 2000 363 2025 non
395 1987 539 2040 potest
571 2000 659 2026 esse
682 1986 913 2041 corruptio,
948 1985 1184 2026 secundum
1209 1985 1489 2027 Aristotelem
1512 2001 1576 2027 se-

179 2052 318 2093 cundo
352 2051 782 2107 Metaphysicorum.⁵
843 2053 903 2094 Et
934 2052 1172 2094 secundum
1194 2052 1417 2108 Averoym
1450 2068 1578 2109 super

181 2119 418 2161 Decimum.
483 2120 613 2162 Unde
646 2120 846 2176 Averoys
878 2121 1024 2176 arguit
1054 2120 1113 2161 ibi
1146 2124 1298 2162 contra
1333 2121 1577 2173 Galienum,

180 2190 254 2244 qui
301 2190 446 2246 posuit
490 2190 538 2231 in
581 2190 756 2232 homine
789 2191 934 2246 aliquo
981 2191 1322 2246 complexionem
1354 2193 1575 2247 aequalem.

180 2257 296 2298 Nam
318 2261 424 2299 tunc
470 2258 615 2315 arguit
655 2259 856 2314 Averoys
886 2259 1001 2314 quod
1037 2259 1110 2300 ille
1153 2263 1263 2301 esset
1306 2260 1577 2311 immortalis,

180 2325 284 2380 quia
305 2340 393 2367 non
416 2329 526 2367 esset
547 2326 671 2376 actio,
695 2341 772 2368 nec
792 2327 944 2382 passio,
975 2341 1053 2368 nec
1085 2327 1288 2369 alteratio
1320 2328 1421 2369 talis
1448 2329 1578 2370 mixti

179 2396 355 2449 propter
386 2394 694 2449 &equalitatenr
771 2394 830 2436 Et
871 2394 970 2436 ideo
1016 2409 1095 2436 nec
1142 2396 1372 2451 corruptio.
1437 2396 1580 2438 Causa

179 2475 282 2503 vero
318 2462 496 2517 praecisa
527 2462 776 2517 hujusmodi
810 2463 873 2503 rei
899 2466 964 2504 est
996 2463 1111 2518 quod
1134 2464 1361 2519 aequalitas
1393 2466 1579 2520 qualita-

180 2531 274 2570 tum
307 2530 634 2571 elementarium
657 2534 723 2572 est
748 2530 953 2572 ultimum
986 2531 1100 2586 quod
1134 2532 1317 2573 materia
1350 2533 1577 2584 desiderat,

227 2665 234 2683 ¹
252 2664 426 2707 humidum]
446 2676 494 2697 ca.
507 2666 563 2698 hn.
584 2666 631 2697 sic
645 2671 717 2705 etc„
735 2666 808 2699 MS.
957 2667 967 2684 ⁴
983 2665 1147 2708 alteratio]
1174 2666 1209 2697 in
1234 2666 1309 2698 MS.
1335 2667 1381 2697 αἰι
1396 2665 1457 2698 lom
1474 2680 1481 2705 ;
1509 2677 1578 2699 cor-

225 2717 238 2735 2’
253 2716 476 2759 Plzysz'eorum]
497 2717 540 2749 iii.
562 2721 588 2749 1.
912 2719 1022 2749 rected
1038 2718 1073 2749 111
1100 2729 1119 2749 a
1142 2729 1233 2750 more
1252 2724 1363 2750 recent
1379 2719 1466 2751 hand
1483 2730 1519 2752 as
1543 2721 1577 2751 in

223 2769 235 2787 ³
251 2769 306 2800 De
340 2768 567 2812 Generarlone]
614 2771 666 2803 De
699 2771 844 2804 Genera·
913 2771 968 2802 the
985 2775 1066 2802 text.

178 2822 267 2854 tione
284 2821 442 2861 Animal„
458 2821 501 2853 iv.
522 2826 552 2853 3.
877 2833 885 2865 Ι
957 2823 969 2840 ⁵
985 2821 1296 2865 Ilfetctplzysicorum]
1316 2823 1349 2855 ii.
1370 2827 1400 2856 4.

292 2885 391 2916 VoL.
424 2885 452 2916 Ι.
1308 2888 1338 2918 Λ
1370 2887 1399 2917 A
