1964 3259
363 276 449 319 236
866 286 1036 319 RocEm
1068 287 1262 319 BAcoms
1655 277 1769 334 [CAP.

361 405 515 444 torum.
581 403 648 445 Ut
684 402 849 445 ibidem
892 402 1009 445 lima
1051 406 1089 445 te
1120 417 1197 459 pro
1231 401 1401 455 limate,
1435 401 1551 457 quod
1593 404 1658 443 est
1695 416 1769 443 vo-

360 471 495 512 cativi
518 486 650 513 casus.
714 472 775 514 Et
804 472 943 528 primo
968 472 1149 528 Regum,
1172 468 1331 527 primo¹
1361 470 1439 527 [1.]
1460 485 1469 510 t
1498 470 1694 513 Ramcttct
1715 469 1771 511 in

358 538 538 594 Sophia
569 555 646 596 pro
678 540 981 582 Ramathaim
1011 539 1203 596 Sophia.
1221 539 1237 562 2
1300 539 1360 581 Et
1391 539 1450 580 sic
1482 539 1536 581 de
1570 538 1768 580 infinitis.

419 607 506 649 Sed
540 623 628 650 non
659 609 799 650 solum
832 609 899 650 his
931 608 1071 650 modis
1104 609 1156 649 fit
1188 608 1410 664 corruptio
1438 607 1695 664 prolationis
1727 610 1772 648 et

358 690 517 727 sensus,
551 677 626 719 sed
656 677 703 718 in
739 677 923 733 simplici
956 680 1136 719 accentu
1170 676 1375 718 dictionis
1416 675 1572 726 unius3
1615 679 1659 716 et
1690 675 1771 716 hoc

357 743 490 786 habet
531 746 732 801 exempla
772 745 1121 788 innumerabilia.
1184 745 1302 786 Nam
1345 745 1491 786 omnia
1534 744 1685 786 Graeca
1727 746 1771 785 et

361 812 551 855 Hebraea
582 813 670 855 fere
702 814 813 855 male
845 817 1171 864 accentuantur,
1197 813 1301 868 quia
1331 813 1548 855 nescimus
1578 812 1655 854 lias
1688 812 1770 852 lin-

356 895 474 936 guas.
538 882 672 924 Unde
703 882 749 923 in
782 883 971 939 prologis
1002 882 1149 925 bibliae
1182 898 1296 939 saepe
1329 881 1486 932 obelus,
1520 884 1565 923 et
1599 881 1770 923 acuitur

357 949 611 1004 penultima,
647 965 744 992 cum
781 954 931 992 tamen
975 951 1106 993 debet
1150 951 1354 1007 gravari3
1403 950 1505 1006 quia
1538 950 1586 990 in
1619 949 1769 991 Graeco

357 1019 564 1060 scribitur
599 1033 675 1074 per
707 1036 721 1058 ε
754 1019 897 1061 breve.
960 1019 1021 1061 Et
1053 1019 1269 1076 Virgilius
1301 1019 1480 1075 corripit
1522 1033 1618 1060 eam
1651 1017 1769 1059 simi-

356 1086 466 1128 liter,
532 1087 619 1129 Sed
663 1088 903 1129 secundum
940 1087 1187 1143 generalem
1229 1088 1425 1144 regulam
1468 1087 1768 1136 accentuandi,

357 1154 490 1196 dictio
523 1155 797 1211 trisyllabica
827 1156 1000 1198 acuitur
1042 1156 1088 1197 in
1125 1156 1474 1212 antepenultima
1505 1171 1603 1197 cum
1634 1156 1769 1197 habet

355 1223 646 1279 penultimam
679 1228 920 1281 correptam
963 1224 1145 1281 longari.
1209 1224 1269 1266 Et
1316 1225 1363 1266 in
1410 1225 1542 1267 tertio
1586 1224 1767 1280 Regum,

356 1296 480 1334 sexto
506 1293 631 1349 [32],
654 1293 923 1349 (anaglypha
948 1293 1196 1350 penultima
1227 1297 1369 1344 acuta,
1394 1294 1468 1335 sed
1490 1294 1649 1349 vulgus
1671 1307 1763 1349 gra-

355 1364 456 1403 vat:
493 1376 595 1402 nam
627 1363 764 1417 γλυφὴ
809 1365 873 1404 est
905 1362 1149 1418 5&chthth
1181 1362 1252 1403 vel
1285 1361 1512 1411 coelatzwa,
1547 1368 1591 1403 et
1622 1360 1767 1415 νγλύφω

356 1433 422 1471 est
454 1429 598 1472 scribo
630 1431 701 1471 vel
734 1430 862 1482 θεείῳ·
895 1433 940 1472 et
972 1430 1146 1472 acuitur
1180 1430 1228 1472 in
1261 1430 1413 1473 Graeco
1451 1430 1695 1487 penultima
1722 1429 1768 1470 in

355 1498 634 1554 simplicibus,
692 1513 794 1555 ergo
836 1499 1173 1556 incomposito.
1259 1499 1320 1540 Et
1370 1503 1581 1555 praeterea
1628 1498 1769 1554 prima

355 1566 486 1621 hujus
545 1567 755 1608 dictionis
797 1569 935 1623 γλυφὴ
968 1567 1102 1623 longa
1151 1570 1217 1608 est
1268 1568 1507 1609 secundum
1566 1568 1765 1609 Graecos:

355 1650 457 1691 ergo
510 1650 608 1676 cum
657 1635 703 1676 in
746 1636 826 1677 hac
863 1635 1056 1677 dictione
1088 1634 1356 1691 ‹wutagylyplm
1407 1635 1653 1691 penultima
1704 1637 1769 1676 est

354 1703 499 1760 longa,
540 1704 778 1746 secundum
811 1704 1058 1760 generalem
1092 1704 1289 1760 regulam
1322 1704 1610 1745 accentuandi
1644 1718 1767 1745 acue-

356 1775 430 1814 tur
465 1773 542 1813 illa
576 1773 835 1829 penultima.
914 1772 1031 1813 Nam
1064 1772 1124 1814 sic
1176 1775 1242 1814 est
1279 1771 1325 1813 in
1377 1773 1494 1813 omni
1536 1772 1767 1827 trisyllaba

354 1844 398 1882 et
435 1841 716 1897 polysyllaba.
782 1841 842 1882 Et
876 1840 1115 1897 Sapientiae
1158 1840 1327 1883 decimo
1360 1844 1484 1882 sexto
1520 1839 1603 1898 [2]
1649 1845 1765 1895 orty-

352 1909 583 1964 {somam}
617 1910 733 1965 quod
766 1913 832 1952 est
864 1909 1090 1961 communiae,
1122 1908 1368 1965 penultima
1400 1913 1466 1951 est
1497 1914 1636 1959 acuta,
1665 1909 1768 1964 quia

354 1978 558 2020 scribitur
589 1978 707 2035 apud
740 1979 914 2021 Graecos
946 1993 1022 2035 per
1056 1996 1073 2029 η
1108 1978 1300 2035 longum.
1365 1978 1423 2019 Et
1443 1978 1688 2034 pelicanus
1719 1979 1766 2019 in

355 2047 561 2103 psalterio
606 2047 742 2089 habet
786 2047 1077 2103 penultimam
1122 2050 1306 2088 acutam.
1378 2046 1495 2087 Nam
1529 2061 1656 2088 omne
1687 2061 1764 2088 no-

355 2130 455 2157 men
489 2116 690 2158 Graecum
736 2116 938 2158 desinens
986 2116 1032 2157 in
1070 2130 1135 2157 (m
1176 2115 1311 2157 habet
1348 2115 1394 2156 in
1429 2115 1617 2171 obliquis
1649 2115 1766 2171 apud

356 2184 536 2226 Latinos
569 2184 859 2241 penultimam
892 2187 1079 2235 acutam,
1112 2187 1163 2226 ut
1199 2183 1349 2235 Titan,
1377 2183 1567 2227 Tamis.
1633 2184 1765 2226 Unde

355 2252 579 2294 Lucanus4
612 2254 702 2295 ait:

594 2326 616 2343 ‘⁴
650 2321 792 2377 Longi
825 2321 1013 2363 volvunt
1056 2321 1217 2363 Titana
1249 2320 1454 2363 labores⁷’

355 2387 414 2430 Et
440 2403 580 2444 jucun
612 2389 846 2439 similiter;
880 2404 982 2430 nam
1016 2387 1230 2432 (liciturz5

706 2462 728 2477 “
762 2457 943 2498 Sacrum
976 2472 1130 2512 paeana
1159 2456 1412 2499 canebant.”

354 2525 471 2581 Ergo
524 2540 622 2566 cum
665 2524 964 2567 nominativus
1007 2525 1054 2565 in
1098 2524 1249 2567 Graeco
1295 2525 1353 2566 sit
1391 2524 1587 2580 pelicum,
1641 2525 1762 2580 cujus

353 2594 578 2650 genitivus
624 2598 689 2636 est
728 2593 976 2649 peliccmos,
1022 2609 1048 2634 a
1090 2608 1176 2648 quo
1218 2593 1378 2634 dicitur
1417 2592 1673 2648 pelicanus,
1716 2609 1761 2636 os

398 2759 405 2777 ¹
420 2759 543 2802 primo]
571 2769 635 2791 om.
653 2759 693 2793 T.
1135 2758 1146 2776 ³
1162 2758 1385 2801 07·tyyometra]
1434 2758 1657 2801 ortigometra,
1695 2758 1734 2791 B.
1756 2772 1764 2798 ;

1092 2811 1305 2851 orthimeora,
1325 2811 1362 2842 T.
1550 2834 1555 2837 »

396 2866 407 2883 ²
424 2865 630 2897 Ramathaim
672 2865 815 2909 Soplcc'n]
867 2865 1021 2899 Ratama-
1138 2865 1147 2882 ⁴
1163 2836 1337 2906 aniinus]
1364 2865 1464 2896 Phar.
1484 2864 1504 2896 i.
1524 2868 1576 2896 90.

351 2919 454 2950 {haim
472 2917 610 2960 Sophin,
627 2920 665 2951 B.
1137 2919 1148 2935 ⁵
1162 2917 1297 2959 [licitur]
1327 2919 1407 2951 Stat.
1427 2919 1532 2951 Theb.
1552 2919 1594 2951 iv.
1616 2921 1687 2951 157.
