1964 3259
204 268 306 324 X11.]
726 279 841 310 opus
872 279 1081 310 TERTIUM.
1551 272 1602 312 41

203 393 372 444 saccre;
420 396 464 434 et
495 392 554 434 sic
585 392 638 433 do
670 391 864 432 infinitis.
928 391 1038 433 Haec
1071 391 1207 447 igitur
1229 392 1410 434 scientia
1447 392 1608 448 duplex

204 461 396 503 alkimiae
439 460 665 517 ignoratur
692 459 747 500 ab
790 457 991 500 omnibus
1033 459 1148 511 fere3
1200 474 1303 500 nam
1344 459 1446 502 licet
1479 460 1607 501 multi

205 544 282 586 per
318 529 530 571 mundum
560 527 760 569 laborent
800 530 852 568 ut
892 526 1054 568 faciant
1099 527 1288 579 metalla,
1333 531 1377 569 et
1413 527 1609 580 colores‚¹

203 602 247 640 et
277 598 375 649 alia,
401 600 550 639 tamen
580 594 827 651 paucissimi
860 595 1003 636 sciunt
1033 595 1247 637 veraciter
1278 596 1416 638 facere
1448 596 1609 638 colores

206 670 251 708 et
305 665 498 715 utiliter3
559 667 603 705 et
654 662 743 705 fere
804 662 950 704 nullus
1002 663 1083 705 scit
1137 663 1276 706 facere
1327 663 1516 715 metalla,
1566 667 1610 706 et

206 734 426 790 pauciores
477 734 581 773 sunt
631 730 706 786 qui
752 730 890 772 sciant
940 730 1079 772 facere
1126 745 1265 787 opera,
1310 746 1407 787 quae
1460 732 1612 773 valent

207 802 263 844 ad
308 799 682 857 prolongationem
733 798 850 840 vitae.
929 797 989 840 Et
1036 798 1170 840 etiam
1212 799 1339 855 pauci
1391 803 1495 841 sunt
1537 800 1612 855 qui

207 869 345 911 sciant
389 866 601 909 distillare
652 866 775 918 bene,
830 868 875 908 et
917 865 1160 918 sublimare,
1199 870 1243 908 et
1294 867 1517 919 calcinare,
1562 872 1607 910 et

206 936 430 987 resolvere,
472 938 517 977 et
567 934 816 990 hujusmodi
860 948 990 990 opera
1032 935 1142 977 artis
1188 934 1337 986 facere,
1389 951 1466 992 per
1516 951 1613 991 qua)

207 1018 355 1046 omnes
400 1018 467 1045 res
507 1002 761 1045 inanimatae
797 1002 1103 1055 certificantur,
1136 1007 1179 1045 et
1210 1018 1287 1059 per
1317 1018 1414 1059 quae
1456 1004 1612 1045 certifi-

208 1076 362 1114 cantur
395 1071 577 1113 alkimia
608 1070 888 1126 speculativa,
921 1073 966 1112 et
997 1071 1211 1113 naturalis
1252 1071 1535 1128 philosophia,
1569 1075 1614 1114 et

209 1139 436 1182 medicina.

269 1206 442 1249 Deinde
478 1221 566 1248 non
608 1210 711 1248 sunt
753 1209 842 1248 tres
885 1206 1002 1248 inter
1034 1206 1228 1259 Latinos,
1272 1208 1348 1263 qui
1395 1208 1612 1250 dederunt
1631 1222 1725 1265 Very
1740 1223 1803 1255 sew

210 1290 253 1317 se
276 1275 332 1317 ad
362 1276 453 1326 hoc,
486 1278 537 1317 ut
568 1275 728 1316 scirent
759 1274 984 1316 alkimiam
1018 1275 1340 1330 speculativam,
1378 1268 1820 1343 5001111εἰ11111ῗξέἓξῗέῐο

210 1343 326 1398 quod
388 1343 487 1384 sciri
538 1346 692 1398 potest,
740 1342 832 1384 sine
879 1343 1081 1398 operibus
1143 1343 1336 1386 alkimiae
1386 1345 1585 1400 practicae
1603 1362 1613 1397 ;
1630 1323 1799 1388 ofthesey

211 1411 373 1453 scilicet
403 1410 639 1451 secundum
667 1410 783 1465 quod
804 1409 907 1451 libri
935 1413 981 1452 et
1002 1414 1198 1452 auctores
1229 1411 1396 1463 docent,
1428 1412 1502 1467 qui
1535 1412 1613 1454 hoc
1630 1400 1809 1486 {ssbffiltisslg

211 1480 507 1535 probaverunt
537 1492 612 1533 per
656 1491 794 1533 opera.
857 1477 986 1520 Unus
1032 1478 1146 1520 solus
1189 1483 1254 1521 est
1285 1479 1360 1534 qui
1391 1483 1536 1535 potest
1567 1480 1613 1521 in
1630 1493 1664 1538 tq
1689 1498 1835 1520 commu-

211 1547 303 1599 hoc,
335 1549 380 1588 et
411 1545 696 1601 peritissimus
718 1549 782 1586 est
813 1545 860 1586 in
892 1545 988 1587 istis
1020 1545 1232 1588 omnibus
1297 1546 1357 1588 Et
1387 1547 1490 1602 quia
1520 1551 1613 1589 tam
1631 1533 1839 1620 ξὲὲῖῖἳίζέζῗῗ

212 1614 340 1671 pauci
372 1613 515 1655 sciunt
537 1613 641 1664 haec,
664 1612 761 1654 ideo
783 1627 872 1655 non
887 1613 1128 1669 dignantur
1159 1628 1185 1654 a
1199 1613 1270 1655 liis
1292 1615 1611 1657 communicare

212 1698 290 1725 nec
320 1696 418 1724 cum
449 1681 546 1722 aliis
582 1695 696 1722 esse:
731 1680 834 1735 quia
865 1681 972 1722 alios
1004 1681 1201 1723 homines
1233 1686 1440 1738 reputant
1471 1683 1614 1725 asinos

212 1755 258 1793 et
288 1750 473 1800 insanos,
523 1749 599 1804 qui
630 1751 787 1790 vacant
834 1749 1187 1791 cavillationibus
1232 1750 1345 1805 juris
1377 1755 1421 1793 et
1452 1751 1615 1807 sophis-

213 1818 406 1860 matibus
437 1817 700 1868 artistarum,
724 1831 821 1872 quae
854 1816 1189 1859 defoedaverunt
1210 1818 1540 1875 philosophiam,
1575 1823 1619 1861 et

214 1886 485 1936 medicinam,
531 1889 575 1927 et
616 1884 893 1940 theologiam.
960 1883 1019 1926 Et
1070 1899 1199 1940 opera
1250 1886 1377 1928 istius
1428 1887 1620 1929 scientia)

215 1957 318 1996 sunt
349 1952 551 2001 difficilia,
575 1955 619 1993 et
641 1951 935 1992 maximarum
973 1966 1274 2007 expensarum,
1306 1957 1484 2010 propter
1515 1969 1621 2009 quas

215 2022 348 2064 etiam
380 2020 456 2071 illi,
490 2019 565 2075 qui
596 2019 706 2060 bene
739 2019 881 2060 sciunt
912 2022 1051 2061 artem
1083 2020 1300 2075 operandi,
1333 2036 1417 2073 non
1442 2026 1622 2078 possunt

217 2088 412 2145 operari3
458 2091 502 2129 et
534 2087 636 2128 libri
681 2086 809 2142 hujus
862 2085 1053 2129 scientiae
1084 2088 1145 2130 sic
1188 2089 1471 2139 occultantur,
1506 2091 1621 2145 quod

216 2157 295 2200 vix
340 2158 484 2212 potest
525 2154 654 2197 homo
686 2154 884 2196 invenire
932 2169 1015 2206 eOS,
1049 2170 1145 2197 cum
1178 2159 1326 2199 tamen
1358 2158 1448 2199 sint
1478 2159 1622 2214 plures

215 2239 345 2282 quam
396 2222 444 2264 in
489 2223 577 2264 alia
620 2222 840 2273 facultate,
890 2223 965 2277 qui
1011 2223 1145 2265 etiam
1192 2227 1370 2281 propter
1417 2226 1619 2268 multitu-

217 2293 364 2335 dinem
428 2291 559 2333 multi
625 2293 884 2333 constarent.
978 2290 1162 2333 Radices
1221 2296 1368 2334 autem
1432 2293 1622 2337 alkimiae

217 2359 495 2418 speculativae
573 2373 652 2415 ego
719 2358 843 2415 posui
922 2359 1158 2401 secundum
1234 2361 1621 2404 considerationem

218 2429 465 2480 Avicennae,
518 2427 732 2484 praecipue
783 2427 831 2468 in
881 2427 1150 2483 expositione
1197 2429 1359 2484 peccati
1411 2430 1525 2472 sexti
1576 2431 1623 2472 111

219 2497 375 2540 Studio
407 2495 669 2552 theologiae.2
713 2494 830 2536 Nam
864 2495 927 2537 ibi
948 2495 1073 2537 texui
1106 2499 1247 2538 totam
1278 2512 1422 2539 rerum
1444 2512 1621 2554 genera-

219 2566 382 2608 tionem
429 2579 485 2606 ex
531 2563 767 2615 elementis,
801 2566 846 2604 et
882 2567 1062 2606 conatus
1108 2578 1203 2605 sum
1246 2565 1481 2607 certificare
1525 2581 1621 2608 cum

219 2648 379 2690 magna
425 2631 653 2689 diligentia
699 2630 903 2687 quicquid
935 2634 1106 2688 oportet
1152 2633 1213 2674 ibi
1257 2633 1354 2675 sciri
1385 2634 1621 2676 secundum

294 2869 302 2888 ¹
319 2873 347 2900 et
363 2867 495 2911 colores]
523 2879 585 2901 om.
611 2869 649 2901 T.
932 2868 938 2912 Ι
1002 2871 1014 2889 2
1038 2869 1078 2901 In
1095 2869 1149 2901 the
1168 2871 1259 2911 Opus
1277 2869 1398 2902 Minus.
