1964 3259
375 278 398 318 5
410 277 461 319 16
876 284 1047 317 ROGERI
1079 283 1273 315 13ΑοοΝΙο
1668 272 1786 328 [CAP.

378 403 634 456 catholicus,
675 406 740 445 est
793 403 926 446 dictio
969 402 1206 458 composita
1248 416 1304 443 ex
1352 400 1522 442 duobus
1566 400 1785 456 correptis,

377 473 540 516 scilicet
571 488 597 514 a
629 477 728 514 cata
762 472 907 528 (κατὰ)
943 476 987 513 et
1019 471 1151 513 holon
1188 469 1328 527 (ὅλον),
1363 469 1479 525 quod
1512 472 1579 511 est
1615 472 1759 510 totum
1778 486 1787 521 ;

377 542 452 582 sed
484 540 680 583 aufertur
722 540 880 582 ultima
923 539 1084 582 vocalis
1129 539 1260 594 hujus
1306 537 1626 594 praepositionis
1658 541 1756 578 σαῖσι
1773 554 1789 588 ,-

378 612 422 652 et
454 610 557 665 quia
588 608 722 651 11οῑοη
753 608 974 664 aspiratur
997 608 1124 663 [non]
1149 610 1348 648 mutatur
1380 605 1453 661 ταί
1477 606 1524 647 111
1557 605 1682 648 thim.
1732 606 1791 646 Et

378 678 471 720 hsec
502 678 637 719 etiam
670 676 802 718 dictio
835 675 1067 732 ephimera
1089 675 1302 731 (ἐφήμερα)
1325 675 1495 731 patitur
1525 674 1792 716 ablationem

378 746 549 788 vocalis.
614 745 904 801 Componitur
935 745 1051 786 enim
1081 744 1137 785 ab
1172 743 1246 799 epi
1279 747 1322 785 et
1356 742 1545 794 himera,
1580 743 1696 798 quod
1728 745 1793 784 est

380 815 483 866 dies,
535 815 659 871 quasi
710 814 757 855 in
805 814 874 855 die
911 814 981 855 vel
1022 813 1153 854 unius
1207 812 1294 853 diei
1345 826 1422 854 res.
1507 812 1566 853 Et
1610 814 1795 853 vocatur

381 883 626 939 specialiter
665 882 798 924 febris
842 881 971 923 unius
1018 881 1104 922 diei
1151 883 1331 936 propter
1376 881 1468 932 hoc,
1503 880 1619 936 quod
1668 882 1795 921 nota-

380 952 531 994 biliter
582 951 740 993 accidit
785 948 922 1006 0101)οᾸ
1002 949 1136 991 Unde
1183 948 1381 990 aufertur
1426 949 1581 990 ultima
1632 948 1795 990 vocalis

380 1020 511 1075 hujus
563 1019 886 1075 praepositionis
938 1021 982 1059 et
1033 1020 1235 1058 mutatur
1282 1017 1339 1072 pi«
1387 1017 1434 1058 in
1472 1016 1569 1072 phi,
1615 1019 1795 1072 propter

381 1089 461 1130 hoc
518 1088 633 1143 quod
696 1088 916 1143 aspiratur
962 1086 1102 1142 prima
1167 1085 1337 1141 syllaba
1398 1085 1528 1140 hujus
1591 1085 1795 1126 dictionis

381 1156 570 1199 himera.
647 1156 709 1197 Et
755 1156 814 1197 sic
861 1155 914 1196 de
967 1154 1063 1195 aliis
1111 1154 1282 1196 duabus
1339 1154 1577 1205 vocalibus,
1631 1154 1794 1195 scilicet

382 1240 406 1268 ο
443 1229 487 1268 et
520 1239 548 1268 e.
634 1224 695 1266 Et
727 1223 890 1265 dicitur
921 1223 969 1264 111
1003 1222 1254 1277 hujusmodi
1287 1222 1540 1278 compositis
1573 1237 1663 1264 esse
1695 1236 1796 1278 apo-

383 1293 573 1349 strophe,
607 1293 719 1334 sicut
762 1292 810 1333 in
854 1291 1129 1347 appositione
1168 1291 1425 1333 dictionum.
1492 1290 1578 1332 Sed
1625 1291 1796 1347 proprie

383 1366 429 1405 et
460 1361 764 1418 principaliter
796 1360 956 1402 accidit
988 1359 1036 1400 in
1068 1359 1358 1415 appositione,
1392 1362 1436 1401 et
1478 1362 1582 1401 tunc
1626 1359 1798 1415 procul-

384 1431 518 1472 dubio
563 1433 629 1472 est
680 1429 921 1471 necessaria
971 1431 1088 1478 nota,
1134 1427 1271 1469 sunt‘2
1323 1431 1634 1470 consonantem
1677 1428 1798 1484 cujus

383 1499 548 1541 vocalis
595 1498 754 1550 deesse,
786 1511 842 1538 ne
884 1497 982 1539 duae
1030 1496 1244 1538 dictiones
1285 1497 1522 1539 videantur
1566 1511 1656 1539 esse
1699 1511 1798 1538 una.

387 1567 474 1610 Sed
520 1582 609 1609 non
661 1569 727 1607 est
778 1566 882 1609 talis
933 1565 1168 1608 necessitas
1220 1565 1267 1607 in
1319 1566 1643 1621 compositione,
1693 1565 1798 1621 quia

386 1651 475 1677 una
507 1635 642 1677 dictio
675 1634 916 1690 composita
959 1633 1147 1675 resultat
1192 1636 1236 1674 et
1280 1633 1411 1675 (lebet
1456 1648 1543 1675 esse
1576 1649 1674 1675 una.
1738 1634 1798 1675 Et

386 1704 485 1746 ideo
531 1703 775 1745 notandum
821 1702 938 1757 quod
974 1701 1020 1743 in
1054 1701 1365 1757 compositione
1398 1702 1659 1758 apostrophe
1701 1717 1797 1757 pro-

386 1773 479 1830 prie
517 1772 636 1813 dicta
667 1774 846 1826 propter
877 1771 988 1811 hanc
1019 1770 1237 1811 rationem
1269 1784 1357 1811 11011
1390 1770 1448 1811 sit
1479 1769 1552 1812 ibi.
1617 1770 1676 1811 Et
1707 1784 1797 1810 non

387 1841 527 1883 solum
559 1843 738 1896 propter
768 1854 875 1888 eam,
899 1839 974 1880 sed
1004 1841 1183 1894 propter
1208 1838 1298 1887 hoc,
1331 1838 1447 1893 quod
1469 1838 1516 1878 in
1548 1838 1798 1894 compositis

387 1909 654 1952 dictionibus
685 1921 796 1963 saepe
829 1910 896 1948 est
939 1905 1180 1962 composita
1217 1921 1272 1947 ex
1304 1909 1500 1961 correpto
1533 1910 1577 1947 et
1609 1907 1795 1962 integro,

388 1981 433 2020 et
494 1992 549 2019 ex
601 1976 813 2018 ambobus
857 1975 1074 2031 correptis
1160 1974 1221 2015 Et
1273 1974 1332 2015 sic
1385 1974 1432 2014 in
1485 1975 1798 2030 compositione

388 2046 589 2088 aufertur
611 2044 773 2087 vocalis
802 2044 975 2099 pluries,
1000 2046 1044 2084 et
1075 2043 1248 2093 vocalis,
1273 2046 1318 2084 et
1350 2057 1603 2093 consonans,
1637 2046 1682 2085 et
1703 2044 1800 2085 aliae

388 2115 559 2158 vocales
606 2129 632 2156 a
678 2113 902 2169 praedictis
949 2115 1150 2167 quatuor,
1184 2115 1229 2152 et
1281 2111 1416 2152 etiam
1461 2111 1645 2166 syllaba.
1711 2111 1799 2153 Sed

390 2184 493 2240 quia
514 2197 592 2238 pro
614 2181 956 2224 consonantibus
988 2179 1148 2221 ablatis
1180 2182 1225 2220 et
1256 2179 1353 2221 aliis
1385 2179 1621 2231 vocalibus,
1646 2182 1690 2220 et
1721 2194 1799 2235 pro

390 2251 572 2307 syllabis
617 2265 707 2291 non
750 2249 989 2305 apponitur
1020 2251 1128 2289 nota
1160 2247 1422 2303 apostrophe
1453 2262 1531 2289 nec
1563 2248 1649 2288 alia
1679 2251 1797 2298 nota,

390 2320 489 2361 ideo
536 2319 713 2361 videtur
757 2317 873 2372 quod
916 2317 1158 2358 necessaria
1201 2316 1258 2357 sit
1305 2315 1569 2372 apostrophe
1616 2320 1723 2358 nota
1754 2317 1799 2357 in

391 2387 653 2443 compositis,
685 2386 787 2427 licet
833 2388 1022 2440 quatuor
1069 2385 1199 2427 dictae
1231 2384 1402 2426 vocales
1444 2385 1507 2426 ibi
1539 2384 1800 2426 auferuntur

391 2457 504 2498 sicut
536 2455 583 2496 in
619 2454 902 2510 appositione.
984 2452 1111 2504 Quod
1156 2453 1192 2494 01
1238 2453 1301 2494 ibi
1346 2453 1518 2494 dicatur
1563 2468 1589 2494 a
1636 2453 1797 2503 multis,

392 2524 548 2566 saltem
579 2522 755 2578 propria
785 2536 874 2563 non
916 2521 1011 2572 erit,
1044 2535 1122 2563 nec
1165 2520 1356 2562 multum
1400 2521 1639 2564 necessaria
1682 2525 1798 2564 notae

393 2591 653 2648 apostrophe
686 2594 866 2646 propter
898 2589 1036 2631 dictas
1068 2603 1228 2631 causas.

455 2659 656 2702 Secunda
688 2659 740 2700 de
772 2659 839 2699 his
871 2658 917 2699 in
940 2658 1126 2714 propriis
1155 2657 1367 2714 prosodiis
1398 2662 1581 2700 vocatur
1617 2658 1799 2715 Mplcen,

394 2729 516 2784 cujus
563 2731 670 2769 nota
717 2727 946 2783 conjungit
986 2741 1037 2769 ea
1084 2742 1180 2782 quse
1229 2731 1407 2783 possent
1454 2727 1595 2769 videri
1647 2727 1798 2769 divisa.

437 2929 443 2947 ¹
465 2929 564 2971 sape]
586 2939 651 2969 spe,
670 2928 744 2963 MS.
1076 2927 1082 2976 Ι
1142 2927 1154 2945 ⁹
1173 2928 1263 2977 sunt]
1286 2928 1329 2959 So
1347 2928 1381 2965 111
1398 2927 1471 2960 MS.
1491 2930 1665 2969 sequens?
