1964 3259
153 888 243 921 Over
259 889 343 923 irra··

150 934 253 966 tional

151 985 325 1014 creatures.

379 268 465 309 300
887 277 1059 310 ROGERI
1090 277 1285 310 BAcoms
1668 266 1785 323 [cAP.

376 395 538 450 riperet
557 411 566 447 ;
600 397 644 437 et
666 394 961 452 expergefacti
992 395 1090 438 aliis
1112 395 1373 451 quibusdam
1395 395 1537 438 modis
1558 397 1782 451 stuporem

376 464 516 505 somni
549 464 930 520 confusionemque
961 465 1224 521 purgabant.

437 533 548 574 Haec
588 533 736 588 itaque
778 533 934 583 omnia,
968 536 1020 574 ut
1061 534 1124 575 ait
1162 532 1354 583 Boetius,
1389 533 1630 575 docuerunt
1671 532 1784 588 sapi-

376 603 509 652 entes,
545 601 647 656 quia
689 601 910 643 sciverunt
952 602 1068 657 quod
1101 605 1197 643 tota
1233 603 1392 644 animae
1434 605 1595 644 nostrae
1637 615 1783 657 corpo-

376 669 520 725 risque
552 684 760 726 compago
791 669 957 712 musica
978 671 1273 727 compactione
1304 670 1535 727 conjuncta
1567 671 1651 722 sit3
1683 684 1784 710 nam

377 741 428 779 ut
466 753 556 780 sese
600 738 781 781 affectus
825 739 1014 796 corporis
1058 739 1236 792 habent,
1282 740 1346 782 ita
1390 743 1435 782 et
1467 739 1616 796 pulsus
1648 738 1787 780 cordis

376 807 568 849 motibus
599 807 853 850 incitantur.

437 875 523 918 Sed
560 890 649 918 non
688 876 827 919 solum
866 874 1002 918 animi
1040 876 1179 918 nostri
1217 876 1511 918 immutantur
1550 876 1785 918 secundum

376 945 688 1001 proprietatem
727 945 902 987 musicae
940 946 1191 996 harmoniae,
1232 945 1367 987 immo
1399 945 1538 987 Varro
1576 945 1785 1001 peritissi-

375 1028 471 1055 mus
512 1014 771 1056 Latinorum
813 1013 939 1056 docet
985 1029 1062 1070 per
1107 1014 1293 1056 musicas
1341 1014 1643 1056 consonantias
1690 1013 1785 1054 bes-

376 1082 459 1124 tias
528 1082 681 1133 sedari,
741 1085 973 1138 serpentes,
1041 1083 1251 1136 volucres,
1314 1082 1541 1139 delphinos
1605 1081 1782 1124 attrahi.

376 1150 546 1192 Scimus
604 1151 720 1193 enim
769 1165 845 1207 per
907 1150 1222 1207 experientiam
1273 1151 1389 1206 quod
1431 1151 1548 1193 cervi
1600 1154 1645 1192 et
1683 1150 1779 1192 aliae

376 1220 611 1274 sylvestres
662 1219 815 1261 bestiae
868 1219 1127 1275 confugiunt
1178 1219 1234 1261 ad
1281 1233 1435 1260 sonum
1483 1219 1689 1275 cytharae‚
1741 1221 1784 1260 et

375 1288 548 1341 vidulfe,
583 1291 628 1330 et
666 1288 851 1329 aliorum
883 1288 1308 1339 inst1·umentorum;
1348 1290 1393 1329 et
1431 1287 1531 1342 equi
1564 1288 1619 1328 ad
1651 1286 1785 1328 auda-

375 1358 499 1408 ciam,
533 1360 578 1398 et
618 1356 899 1407 ferocitatem,
934 1359 979 1398 et
1016 1356 1220 1398 bellicum
1259 1356 1468 1407 animum,
1503 1371 1580 1411 per
1621 1355 1783 1396 instru-

375 1429 523 1467 menta
553 1425 778 1466 musicalia
816 1425 1100 1467 concitantur.
1183 1424 1243 1466 Et
1275 1439 1377 1466 aves
1409 1423 1666 1466 cantatrices
1697 1438 1786 1465 non

375 1494 514 1534 solum
546 1494 593 1534 in
625 1508 702 1535 sua
734 1493 962 1535 harmonia
1005 1493 1279 1535 delectantur
1340 1492 1416 1534 sed
1460 1492 1661 1533 humana.
1725 1491 1785 1532 Et

375 1561 570 1616 delphini
617 1576 750 1603 naves
797 1564 1118 1617 persequuntur
1164 1563 1341 1617 propter
1386 1560 1595 1602 musicam
1643 1559 1786 1601 dulce-

376 1629 553 1681 dinem3
586 1633 630 1671 et
661 1644 835 1686 serpens
866 1644 1053 1685 nequam
1086 1629 1329 1671 delectatur
1359 1633 1404 1671 et
1435 1629 1697 1670 mansuescit
1730 1628 1784 1669 ad

375 1698 618 1739 melodiam.
674 1697 733 1739 Et
765 1698 800 1739 si
832 1697 925 1740 haec
957 1698 1103 1739 omnia
1134 1698 1181 1738 in
1209 1697 1460 1739 hominibus
1492 1700 1536 1738 et
1566 1697 1613 1737 in
1645 1696 1787 1738 brutis

374 1766 536 1808 videris
581 1766 808 1822 adimpleri
847 1781 923 1823 per
968 1766 1172 1822 vulgatas
1215 1766 1501 1808 melodiarum
1547 1766 1789 1807 suavitates

373 1839 418 1878 et
450 1836 746 1877 instrumenta
791 1835 1049 1887 communia,
1101 1834 1207 1890 quid
1251 1835 1335 1877 erit
1374 1835 1423 1887 si,
1464 1834 1599 1891 juxta
1629 1834 1787 1875 ultima

372 1904 498 1946 istius
530 1904 723 1946 scientiae
757 1918 925 1954 arcana,
959 1904 1115 1945 fierent
1146 1904 1441 1945 instrumenta
1473 1902 1693 1958 exquisita
1740 1906 1784 1944 et

370 1973 609 2015 harmoniae
642 1972 927 2025 electissimae,
949 1987 1047 2014 cum
1070 1972 1301 2014 excellenti
1335 1972 1553 2014 suavitate
1584 1971 1785 2027 rhythmi

369 2045 415 2084 et
456 2042 597 2092 metri,
631 2045 683 2083 ut
720 2056 868 2083 omnes
916 2045 1064 2097 partes
1101 2041 1277 2083 musicae
1322 2041 1369 2082 in
1400 2055 1537 2082 unum
1578 2040 1781 2082 effectum

371 2110 677 2152 delectationis
709 2110 948 2166 perfectum
981 2109 1295 2152 convenirent?
1366 2109 1495 2152 Certe
1527 2111 1783 2166 raperentur

369 2179 502 2220 bruta
543 2180 590 2220 in
628 2193 801 2220 omnem
841 2178 1118 2220 volunta-tem
1159 2181 1363 2228 nostram,
1405 2180 1457 2219 ut
1494 2192 1628 2219 manu
1659 2192 1781 2233 cape-

368 2251 529 2298 rentur,
577 2247 822 2304 stupefacta
875 2250 919 2289 et
977 2261 1179 2303 oppressa
1229 2247 1366 2288 nimia
1418 2246 1645 2288 suavitate.
1721 2245 1782 2287 Et

368 2317 568 2358 similiter
604 2316 832 2358 hominum
869 2315 1005 2357 animi
1044 2316 1091 2356 in
1123 2315 1362 2371 quemlibet
1408 2315 1592 2371 gradum
1641 2313 1776 2356 devo·

370 2385 502 2426 tionis
561 2388 830 2440 raperentur,
892 2387 936 2425 et
987 2383 1034 2425 in
1085 2384 1263 2440 plenum
1315 2382 1547 2439 cujuslibet
1596 2381 1778 2423 virtutis

369 2467 561 2494 amorem
593 2452 907 2503 excitarentur,
942 2454 987 2493 et
1018 2451 1065 2492 in
1097 2465 1270 2492 omnem
1315 2450 1550 2492 sanitatem
1583 2453 1626 2491 et
1657 2450 1778 2505 vigo-

369 2536 470 2563 rem.
535 2520 622 2562 Sed
654 2520 756 2575 quia
787 2520 879 2561 haec
910 2520 1085 2561 musicae
1118 2521 1310 2575 potestas
1340 2532 1429 2559 non
1461 2521 1527 2560 est
1559 2521 1775 2571 consueta,

371 2604 450 2632 nec
481 2589 641 2646 vulgus
671 2587 1072 2645 philosophantium
1103 2587 1159 2629 ad
1198 2586 1290 2629 haec
1327 2587 1500 2643 aspirat,
1534 2600 1613 2628 nec
1643 2586 1776 2628 libros

370 2659 657 2714 antiquorum
711 2657 958 2713 sapientum
1009 2655 1210 2707 revolvit,
1263 2669 1342 2697 nec
1393 2669 1437 2696 se
1489 2654 1774 2711 experientiae

373 2727 577 2783 diligenti
615 2724 901 2776 commendat,
934 2725 1031 2767 ideo
1069 2738 1159 2766 non
1196 2727 1299 2766 sunt
1337 2724 1487 2765 multis
1524 2726 1640 2773 nota,
1675 2738 1773 2779 quae

374 2796 534 2851 scripsi.
616 2794 703 2838 Sed
750 2797 897 2837 tamen
945 2793 1171 2837 verissima
1217 2795 1262 2835 et
1307 2791 1362 2835 ab
1407 2792 1526 2835 omni
1576 2792 1773 2850 sapiente

370 2863 626 2920 recipienda.
