1964 3259
119 663 192 697 The
208 665 311 708 impe-

118 710 259 742 diments
276 711 315 742 of

116 754 255 786 wisdom

117 800 320 832 considered.

116 2509 221 2542 Great

113 2555 305 2596 corruption

112 2599 152 2631 of
170 2600 226 2631 the

114 2643 218 2676 times.

346 256 432 297 398
853 265 1021 296 ROGERI
1053 262 1247 297 BAcoms
1638 255 1753 311 [CAP.

345 386 389 425 et
420 383 653 441 indignum
685 387 884 426 servatur
930 383 983 425 de
1026 383 1107 425 hoc
1151 384 1279 425 modo
1318 383 1366 425 in
1407 383 1553 425 studio
1587 384 1757 440 sapien-

344 452 432 504 tiae,
476 455 528 495 ut
568 452 739 509 patebit
776 452 969 494 inferius.
1034 453 1093 494 Et
1127 452 1226 494 ideo
1262 455 1427 494 secreta
1463 455 1507 494 et
1538 453 1756 508 magnalia

345 522 572 578 sapientiae
614 522 789 578 penitus
830 521 898 563 his
940 521 1211 578 temporibus
1247 537 1272 563 a
1306 521 1439 578 vulgo
1482 521 1753 564 studentium

344 590 614 646 ignorantur.

406 659 493 702 Sed
524 659 627 702 licet
657 659 786 701 homo
828 661 959 701 natus
1002 659 1059 701 sit
1095 659 1151 702 ad
1188 658 1415 716 sapientiae
1446 658 1676 715 magnalia,
1711 662 1756 701 et

343 728 445 771 licet
476 729 613 785 possit
656 729 708 770 de
751 727 868 771 facili
912 728 1158 785 pertingere
1207 728 1263 770 ad
1309 742 1460 770 omnes
1506 731 1652 784 partes
1688 743 1755 770 sa-

343 798 533 854 pientiae,
566 797 603 839 si
643 797 797 838 modus
829 797 1003 838 debitus
1035 797 1283 849 adhibetur,
1316 797 1400 838 nisi
1437 796 1755 853 impedimenta

342 867 659 923 contingerent,
703 866 800 908 ideo
842 880 1011 908 necesse
1054 869 1120 908 est
1162 868 1319 922 quarto
1361 866 1634 921 propositum
1679 880 1753 907 ex-

341 950 511 991 ponere,
546 935 708 977 001110οὺ
739 935 792 976 (10
823 933 1148 990 impedimentis
1178 933 1416 990 sapientiae,
1450 937 1542 976 tam
1573 934 1620 975 in
1652 934 1751 975 sub-

341 1004 507 1046 stantia
550 1004 644 1060 ejus
676 1018 807 1059 quam
839 1003 886 1044 in
920 1003 1060 1053 modo,
1093 1006 1146 1044 ut
1187 1003 1380 1045 remedia
1422 1003 1514 1058 ejus
1557 1006 1751 1059 pateant,

342 1073 501 1128 quibus
544 1072 684 1114 omnis
724 1071 903 1127 juvenis
954 1071 1056 1113 licet
1103 1071 1238 1112 durus
1289 1071 1467 1127 ingenio
1521 1074 1565 1113 et
1615 1071 1753 1113 facilis

341 1141 488 1184 valeat
539 1141 595 1183 ad
650 1139 962 1196 perfectionem
1008 1139 1248 1195 sapientiae,
1306 1140 1543 1181 secundum
1606 1155 1753 1182 omues

340 1211 502 1267 gradus
545 1209 740 1265 quinque
777 1208 928 1259 dictos,
963 1207 1195 1249 efficaciter
1226 1208 1465 1264 pervenire.
1529 1208 1615 1250 Sed
1649 1209 1753 1264 quia

340 1281 433 1321 11100
476 1278 792 1335 impedimenta
833 1291 923 1319 non
963 1265 1286 1318 consideramfis
1330 1291 1356 1318 a
1392 1276 1641 1332 juventute,
1679 1277 1753 1318 sed

339 1349 604 1405 negligimus
638 1347 826 1396 omnino,
866 1346 963 1387 ideo
1006 1345 1199 1401 perimus
1240 1359 1338 1387 011111
1382 1359 1523 1386 errore
1566 1344 1752 1397 infinito,

339 1432 418 1459 nec
448 1430 676 1473 possumus
718 1414 907 1471 experiri
949 1414 1165 1455 utilitates
1207 1413 1433 1470 sapientiae
1476 1413 1523 1455 in
1565 1414 1751 1464 ecclesia,

339 1491 384 1528 et
416 1487 462 1527 in
506 1486 649 1527 tribus
692 1484 872 1539 reliquis
921 1482 1164 1525 antedictis.
1226 1482 1400 1524 Accidit
1442 1482 1559 1524 enim
1596 1498 1651 1524 ex
1685 1483 1753 1524 his

340 1553 665 1610 impedimentis
711 1553 829 1608 quod
872 1551 1078 1593 videatur
1121 1551 1384 1601 hominibus,
1418 1551 1535 1606 (1110(1
1578 1551 1666 1593 sint
1707 1551 1751 1592 in

340 1623 536 1665 maxima
567 1622 706 1678 gloria
736 1619 975 1676 sapientise,
1003 1619 1068 1661 ita
1100 1620 1217 1674 quod
1247 1634 1473 1675 nunquam
1510 1619 1595 1661 fuit
1626 1623 1754 1661 tanta

339 1691 596 1748 apparentia
639 1688 878 1746 sapientise,
913 1702 993 1730 nec
1024 1691 1201 1730 tantum
1243 1688 1499 1729 exercitium
1541 1688 1675 1729 studii
1707 1689 1753 1729 in

339 1765 407 1803 tot
438 1759 721 1802 facultatibus
762 1758 809 1798 in
841 1760 909 1799 tot
940 1757 1200 1812 regionibus,
1235 1757 1347 1798 sicut
1385 1756 1478 1811 jani
1512 1771 1538 1797 a
1570 1757 1754 1812 quadra-

338 1830 465 1885 ginta
509 1828 647 1869 annis.
714 1826 891 1880 Ubique
936 1825 1054 1866 enim
1088 1824 1284 1866 doctores
1329 1828 1432 1866 sunt
1476 1824 1670 1880 dispersi,
1709 1829 1753 1866 et

339 1898 530 1939 maxime
582 1897 628 1937 in
680 1894 902 1950 theologia
947 1893 995 1934 in
1047 1893 1166 1934 omni
1210 1893 1400 1942 civitate,
1451 1896 1494 1934 et
1540 1893 1587 1934 in
1634 1894 1750 1934 omni

339 1970 490 2017 castro,
525 1969 569 2007 et
612 1965 659 2006 in
701 1963 821 2005 omni
852 1963 1021 2018 burgo3
1052 1962 1269 2018 praecipue
1306 1977 1383 2017 per
1427 1962 1536 2003 duos
1581 1962 1752 2003 ordines

338 2035 575 2084 studenteS,
610 2033 727 2089 quod
770 2046 859 2074 non
890 2031 1049 2073 accidit
1091 2031 1176 2072 nisi
1208 2046 1234 2071 a
1278 2030 1570 2086 quadraginta
1612 2031 1752 2081 annis,

338 2105 409 2147 vel
461 2104 640 2146 circiter.
710 2101 823 2144 Cum
866 2104 1015 2142 tamen
1056 2113 1281 2155 nunquam
1326 2100 1412 2141 fuit
1458 2102 1585 2141 tanta
1630 2099 1751 2154 igno-

338 2173 495 2224 rantia,
541 2174 691 2213 tantus
733 2184 864 2221 error,
909 2169 1023 2211 sicut
1075 2183 1129 2210 ex
1171 2169 1257 2210 hac.
1301 2168 1517 2224 scriptura
1557 2167 1752 2209 finaliter

338 2240 691 2284 manifestissime
753 2237 994 2294 apparebit,
1048 2240 1093 2278 et
1159 2252 1275 2278 nunc
1337 2236 1621 2278 manifestum
1687 2240 1752 2278 est

338 2310 417 2351 hoc
458 2324 536 2365 per
588 2308 800 2350 effectum.
864 2306 981 2347 Nam
1029 2305 1156 2361 plura
1207 2307 1384 2360 peccata
1435 2308 1621 2360 regnant
1683 2304 1750 2345 his

338 2377 606 2433 temporibus
653 2390 785 2430 quam
826 2389 1022 2429 unquam
1064 2374 1336 2428 temporibus
1378 2372 1629 2428 prioribus3
1676 2373 1749 2414 sed

339 2449 569 2502 peccatum
600 2459 689 2485 non
720 2447 865 2499 potest
897 2446 1011 2484 stare
1043 2457 1141 2483 cum
1174 2442 1398 2497 sapientia.

398 2514 637 2555 Videamus
669 2527 818 2553 onmes
861 2514 1003 2552 status
1050 2509 1214 2559 mundi,
1248 2512 1292 2550 et
1324 2508 1641 2550 consideremus
1684 2508 1747 2550 di-

338 2584 538 2639 ligenter,
589 2580 863 2622 inveniemus
925 2578 1246 2633 corruptionem
1299 2578 1518 2619 infinitam
1572 2578 1746 2633 ubique,

339 2652 456 2708 quod
500 2650 640 2706 primo
678 2651 860 2705 apparet
906 2647 953 2688 in
995 2646 1146 2702 capite.
1209 2645 1326 2687 Nam
1366 2645 1498 2687 Curia
1536 2645 1745 2698 Romana,

339 2736 436 2776 (111110
469 2719 636 2761 solebat
678 2720 722 2759 et
763 2717 894 2758 debet
925 2715 1016 2772 regi
1054 2713 1270 2770 sapientia
1302 2713 1397 2764 Dei,
1435 2728 1552 2754 1111110
1594 2714 1744 2769 depra-

338 2792 469 2831 vatur
500 2785 889 2829 constitutionibus
920 2784 1231 2840 imperatorum
1262 2782 1483 2831 laicorum,
1509 2781 1636 2823 factis
1668 2797 1746 2837 pro

337 2857 513 2913 proprio
564 2855 676 2896 la'ico
719 2853 919 2909 regendo,
965 2866 1072 2907 quas
1112 2850 1186 2905 jus
1227 2850 1354 2892 civile
1397 2850 1599 2891 continet.
1664 2850 1744 2891 La—
