<?xml version="1.0" encoding="UTF-8"?>
<!DOCTYPE html PUBLIC "-//W3C//DTD XHTML 1.0 Transitional//EN"
    "http://www.w3.org/TR/xhtml1/DTD/xhtml1-transitional.dtd">
<html xmlns="http://www.w3.org/1999/xhtml" xml:lang="en" lang="en">
 <head>
  <title>
</title>
<meta http-equiv="Content-Type" content="text/html;charset=utf-8" />
  <meta name='ocr-system' content='tesseract 3.04.00' />
  <meta name='ocr-capabilities' content='ocr_page ocr_carea ocr_par ocr_line ocrx_word'/>
</head>
<body>
  <div class='ocr_page' id='page_1' title='image "./frrogeribaconope00baco_0458.png"; bbox 0 0 1964 3259; ppageno 0'>
   <div class='ocr_carea' id='block_1_1' title="bbox 146 403 289 433">
    <p class='ocr_par' dir='ltr' id='par_1_1' title="bbox 146 403 289 433">
     <span class='ocr_line' id='line_1_1' title="bbox 146 403 289 433; baseline -0.007 -1"><span class='ocrx_word' id='word_1_1' title='bbox 146 403 289 433; x_wconf 75' lang='lat' dir='ltr'>Various</span> 
     </span>
    </p>
   </div>
   <div class='ocr_carea' id='block_1_2' title="bbox 141 447 346 478">
    <p class='ocr_par' dir='ltr' id='par_1_2' title="bbox 141 447 346 478">
     <span class='ocr_line' id='line_1_2' title="bbox 141 447 346 478; baseline 0.01 -2"><span class='ocrx_word' id='word_1_2' title='bbox 141 447 290 477; x_wconf 67' lang='lat' dir='ltr'>ren-&lt;ioris</span> <span class='ocrx_word' id='word_1_3' title='bbox 307 447 346 478; x_wconf 88' lang='lat' dir='ltr'>of</span> 
     </span>
    </p>
   </div>
   <div class='ocr_carea' id='block_1_3' title="bbox 140 491 319 574">
    <p class='ocr_par' dir='ltr' id='par_1_3' title="bbox 140 491 319 574">
     <span class='ocr_line' id='line_1_3' title="bbox 140 491 319 532; baseline -0.006 -9"><span class='ocrx_word' id='word_1_4' title='bbox 140 493 195 524; x_wconf 78' lang='lat' dir='ltr'>the</span> <span class='ocrx_word' id='word_1_5' title='bbox 210 491 319 532; x_wconf 65' lang='lat' dir='ltr'>Scrip-</span> 
     </span>
     <span class='ocr_line' id='line_1_4' title="bbox 141 544 241 574; baseline 0.02 -4"><span class='ocrx_word' id='word_1_6' title='bbox 141 544 241 574; x_wconf 78' lang='lat' dir='ltr'>tures.</span> 
     </span>
    </p>
   </div>
   <div class='ocr_carea' id='block_1_4' title="bbox 367 272 1273 313">
    <p class='ocr_par' dir='ltr' id='par_1_4' title="bbox 367 272 1273 313">
     <span class='ocr_line' id='line_1_5' title="bbox 367 272 1273 313; baseline 0 -1"><span class='ocrx_word' id='word_1_7' title='bbox 367 272 453 313; x_wconf 52' lang='lat'>:344</span> <span class='ocrx_word' id='word_1_8' title='bbox 876 281 1047 312; x_wconf 76' lang='lat' dir='ltr'>RocERI</span> <span class='ocrx_word' id='word_1_9' title='bbox 1080 280 1273 313; x_wconf 71' lang='lat' dir='ltr'>nAconis</span> 
     </span>
    </p>
   </div>
   <div class='ocr_carea' id='block_1_5' title="bbox 358 397 1774 2700">
    <p class='ocr_par' dir='ltr' id='par_1_5' title="bbox 358 397 1774 2700">
     <span class='ocr_line' id='line_1_6' title="bbox 366 397 1774 454; baseline 0.001 -15"><span class='ocrx_word' id='word_1_10' title='bbox 366 398 447 439; x_wconf 88' lang='lat' dir='ltr'>hoc</span> <span class='ocrx_word' id='word_1_11' title='bbox 489 399 731 449; x_wconf 78' lang='lat' dir='ltr'>dicendum,</span> <span class='ocrx_word' id='word_1_12' title='bbox 777 399 893 454; x_wconf 86' lang='lat' dir='ltr'>quod</span> <span class='ocrx_word' id='word_1_13' title='bbox 940 399 1051 441; x_wconf 88' lang='lat' dir='ltr'>sicut</span> <span class='ocrx_word' id='word_1_14' title='bbox 1083 397 1246 454; x_wconf 81' lang='lat' dir='ltr'>Aquila</span> <span class='ocrx_word' id='word_1_15' title='bbox 1291 402 1335 440; x_wconf 87' lang='lat' dir='ltr'>et</span> <span class='ocrx_word' id='word_1_16' title='bbox 1379 398 1680 454; x_wconf 73' lang='lat' dir='ltr'><strong>Symmachus,</strong></span> <span class='ocrx_word' id='word_1_17' title='bbox 1723 403 1774 441; x_wconf 90' lang='lat' dir='ltr'>ut</span> 
     </span>
     <span class='ocr_line' id='line_1_7' title="bbox 367 466 1774 523; baseline 0.001 -15"><span class='ocrx_word' id='word_1_18' title='bbox 367 467 532 509; x_wconf 84' lang='lat' dir='ltr'>dictum</span> <span class='ocrx_word' id='word_1_19' title='bbox 580 471 646 509; x_wconf 90' lang='lat' dir='ltr'>est</span> <span class='ocrx_word' id='word_1_20' title='bbox 688 483 829 523; x_wconf 78' lang='lat' dir='ltr'>supra,</span> <span class='ocrx_word' id='word_1_21' title='bbox 864 468 1147 523; x_wconf 87' lang='lat' dir='ltr'>duplicabant</span> <span class='ocrx_word' id='word_1_22' title='bbox 1194 466 1409 509; x_wconf 85' lang='lat' dir='ltr'>editiones</span> <span class='ocrx_word' id='word_1_23' title='bbox 1456 482 1554 508; x_wconf 88' lang='lat' dir='ltr'>suas</span> <span class='ocrx_word' id='word_1_24' title='bbox 1597 471 1774 523; x_wconf 85' lang='lat' dir='ltr'>propter</span> 
     </span>
     <span class='ocr_line' id='line_1_8' title="bbox 366 535 1774 590; baseline 0.002 -15"><span class='ocrx_word' id='word_1_25' title='bbox 366 535 575 590; x_wconf 84' lang='lat' dir='ltr'>majorem</span> <span class='ocrx_word' id='word_1_26' title='bbox 619 536 928 577; x_wconf 87' lang='lat' dir='ltr'>certitudinem</span> <span class='ocrx_word' id='word_1_27' title='bbox 966 539 1011 577; x_wconf 90' lang='lat' dir='ltr'>et</span> <span class='ocrx_word' id='word_1_28' title='bbox 1043 535 1312 577; x_wconf 88' lang='lat' dir='ltr'>evidentiam</span> <span class='ocrx_word' id='word_1_29' title='bbox 1356 535 1670 585; x_wconf 79' lang='lat' dir='ltr'>translationis,</span> <span class='ocrx_word' id='word_1_30' title='bbox 1714 536 1774 578; x_wconf 88' lang='lat' dir='ltr'>sic</span> 
     </span>
     <span class='ocr_line' id='line_1_9' title="bbox 365 603 1772 659; baseline 0.001 -15"><span class='ocrx_word' id='word_1_31' title='bbox 365 604 469 645; x_wconf 88' lang='lat' dir='ltr'>fecit</span> <span class='ocrx_word' id='word_1_32' title='bbox 499 604 655 645; x_wconf 84' lang='lat' dir='ltr'>beatus</span> <span class='ocrx_word' id='word_1_33' title='bbox 685 603 985 658; x_wconf 78' lang='lat' dir='ltr'>Hieronymus</span> <span class='ocrx_word' id='word_1_34' title='bbox 1018 618 1073 645; x_wconf 76' lang='lat' dir='ltr'>ex</span> <span class='ocrx_word' id='word_1_35' title='bbox 1104 604 1198 659; x_wconf 85' lang='lat' dir='ltr'>ipso</span> <span class='ocrx_word' id='word_1_36' title='bbox 1232 603 1421 645; x_wconf 79' lang='lat' dir='ltr'>Hebraeo</span> <span class='ocrx_word' id='word_1_37' title='bbox 1453 604 1499 644; x_wconf 91' lang='lat' dir='ltr'>in</span> <span class='ocrx_word' id='word_1_38' title='bbox 1532 603 1772 656; x_wconf 83' lang='lat' dir='ltr'>Latinum3</span> 
     </span>
     <span class='ocr_line' id='line_1_10' title="bbox 365 671 1772 727; baseline 0 -14"><span class='ocrx_word' id='word_1_39' title='bbox 365 672 480 713; x_wconf 88' lang='lat' dir='ltr'>unde</span> <span class='ocrx_word' id='word_1_40' title='bbox 506 672 670 713; x_wconf 85' lang='lat' dir='ltr'>factum</span> <span class='ocrx_word' id='word_1_41' title='bbox 703 675 768 713; x_wconf 88' lang='lat' dir='ltr'>est</span> <span class='ocrx_word' id='word_1_42' title='bbox 790 672 906 727; x_wconf 87' lang='lat' dir='ltr'>quod</span> <span class='ocrx_word' id='word_1_43' title='bbox 939 671 1126 727; x_wconf 86' lang='lat' dir='ltr'>primam</span> <span class='ocrx_word' id='word_1_44' title='bbox 1158 671 1251 726; x_wconf 89' lang='lat' dir='ltr'>ejus</span> <span class='ocrx_word' id='word_1_45' title='bbox 1272 671 1617 723; x_wconf 69' lang='lat' dir='ltr'><strong>translationem,</strong></span> <span class='ocrx_word' id='word_1_46' title='bbox 1641 686 1772 727; x_wconf 86' lang='lat' dir='ltr'>quam</span> 
     </span>
     <span class='ocr_line' id='line_1_11' title="bbox 364 739 1772 795; baseline 0.001 -15"><span class='ocrx_word' id='word_1_47' title='bbox 364 740 499 795; x_wconf 76' lang='lat' dir='ltr'>vulgo</span> <span class='ocrx_word' id='word_1_48' title='bbox 545 740 742 791; x_wconf 80' lang='lat' dir='ltr'>tradidit,</span> <span class='ocrx_word' id='word_1_49' title='bbox 794 740 1032 782; x_wconf 77' lang='lat' dir='ltr'>habeamus</span> <span class='ocrx_word' id='word_1_50' title='bbox 1081 740 1128 781; x_wconf 90' lang='lat' dir='ltr'>in</span> <span class='ocrx_word' id='word_1_51' title='bbox 1177 739 1346 791; x_wconf 79' lang='lat' dir='ltr'>Bibfiis,</span> <span class='ocrx_word' id='word_1_52' title='bbox 1391 740 1495 794; x_wconf 90' lang='lat' dir='ltr'>quia</span> <span class='ocrx_word' id='word_1_53' title='bbox 1541 740 1633 781; x_wconf 76' lang='lat' dir='ltr'>haec</span> <span class='ocrx_word' id='word_1_54' title='bbox 1684 754 1772 781; x_wconf 88' lang='lat' dir='ltr'>non</span> 
     </span>
     <span class='ocr_line' id='line_1_12' title="bbox 365 800 1772 863; baseline -0.001 -14"><span class='ocrx_word' id='word_1_55' title='bbox 365 800 564 850; x_wconf 82' lang='lat' dir='ltr'>continet</span> <span class='ocrx_word' id='word_1_56' title='bbox 600 808 768 863; x_wconf 83' lang='lat' dir='ltr'>aliquid</span> <span class='ocrx_word' id='word_1_57' title='bbox 814 807 982 850; x_wconf 85' lang='lat' dir='ltr'>falsum.</span> <span class='ocrx_word' id='word_1_58' title='bbox 1048 808 1107 849; x_wconf 89' lang='lat' dir='ltr'>Et</span> <span class='ocrx_word' id='word_1_59' title='bbox 1154 811 1315 857; x_wconf 87' lang='lat' dir='ltr'>contra,</span> <span class='ocrx_word' id='word_1_60' title='bbox 1350 807 1615 849; x_wconf 79' lang='lat' dir='ltr'>Hebra&#39;l&#39;cani</span> <span class='ocrx_word' id='word_1_61' title='bbox 1657 808 1772 849; x_wconf 89' lang='lat' dir='ltr'>veri-</span> 
     </span>
     <span class='ocr_line' id='line_1_13' title="bbox 364 876 1773 932; baseline 0.001 -15"><span class='ocrx_word' id='word_1_62' title='bbox 364 879 501 918; x_wconf 88' lang='lat' dir='ltr'>tatem</span> <span class='ocrx_word' id='word_1_63' title='bbox 544 877 679 932; x_wconf 76' lang='lat' dir='ltr'>juxta</span> <span class='ocrx_word' id='word_1_64' title='bbox 731 891 837 932; x_wconf 84' lang='lat' dir='ltr'>quas</span> <span class='ocrx_word' id='word_1_65' title='bbox 869 891 958 918; x_wconf 87' lang='lat' dir='ltr'>esse</span> <span class='ocrx_word' id='word_1_66' title='bbox 990 876 1136 918; x_wconf 88' lang='lat' dir='ltr'>visum</span> <span class='ocrx_word' id='word_1_67' title='bbox 1188 876 1274 918; x_wconf 86' lang='lat' dir='ltr'>fuit</span> <span class='ocrx_word' id='word_1_68' title='bbox 1331 876 1634 931; x_wconf 84' lang='lat' dir='ltr'>interpretum,</span> <span class='ocrx_word' id='word_1_69' title='bbox 1669 877 1773 931; x_wconf 88' lang='lat' dir='ltr'>quia</span> 
     </span>
     <span class='ocr_line' id='line_1_14' title="bbox 362 944 1767 1000; baseline 0 -15"><span class='ocrx_word' id='word_1_70' title='bbox 362 945 592 987; x_wconf 55' lang='lat' dir='ltr'>haereticus</span> <span class='ocrx_word' id='word_1_71' title='bbox 625 948 668 986; x_wconf 90' lang='lat' dir='ltr'>et</span> <span class='ocrx_word' id='word_1_72' title='bbox 704 944 906 986; x_wconf 78' lang='lat' dir='ltr'>falsarius</span> <span class='ocrx_word' id='word_1_73' title='bbox 942 945 1232 1000; x_wconf 87' lang='lat' dir='ltr'>reputabatur</span> <span class='ocrx_word' id='word_1_74' title='bbox 1269 960 1295 985; x_wconf 89' lang='lat' dir='ltr'>a</span> <span class='ocrx_word' id='word_1_75' title='bbox 1328 944 1493 996; x_wconf 85' lang='lat' dir='ltr'>multis,</span> <span class='ocrx_word' id='word_1_76' title='bbox 1533 947 1578 986; x_wconf 89' lang='lat' dir='ltr'>et</span> <span class='ocrx_word' id='word_1_77' title='bbox 1620 944 1767 1000; x_wconf 85' lang='lat' dir='ltr'>quasi¹</span> 
     </span>
     <span class='ocr_line' id='line_1_15' title="bbox 361 1012 1771 1069; baseline 0 -15"><span class='ocrx_word' id='word_1_78' title='bbox 361 1013 417 1054; x_wconf 83' lang='lat' dir='ltr'>ab</span> <span class='ocrx_word' id='word_1_79' title='bbox 471 1013 673 1054; x_wconf 88' lang='lat' dir='ltr'>omnibus</span> <span class='ocrx_word' id='word_1_80' title='bbox 715 1012 1001 1068; x_wconf 70' lang='lat' dir='ltr'>judicabatur</span> <span class='ocrx_word' id='word_1_81' title='bbox 1044 1013 1091 1054; x_wconf 90' lang='lat' dir='ltr'>in</span> <span class='ocrx_word' id='word_1_82' title='bbox 1134 1013 1327 1069; x_wconf 84' lang='lat' dir='ltr'>pejorem</span> <span class='ocrx_word' id='word_1_83' title='bbox 1371 1016 1542 1068; x_wconf 85' lang='lat' dir='ltr'>partem</span> <span class='ocrx_word' id='word_1_84' title='bbox 1590 1017 1771 1069; x_wconf 84' lang='lat' dir='ltr'>propter</span> 
     </span>
     <span class='ocr_line' id='line_1_16' title="bbox 360 1080 1772 1136; baseline 0.001 -15"><span class='ocrx_word' id='word_1_85' title='bbox 360 1080 610 1122; x_wconf 80' lang='lat' dir='ltr'>novitatem</span> <span class='ocrx_word' id='word_1_86' title='bbox 661 1081 963 1122; x_wconf 78' lang='lat' dir='ltr'>translationis</span> <span class='ocrx_word' id='word_1_87' title='bbox 1015 1081 1213 1131; x_wconf 81' lang='lat' dir='ltr'>conditae,</span> <span class='ocrx_word' id='word_1_88' title='bbox 1270 1081 1466 1123; x_wconf 89' lang='lat' dir='ltr'>editione</span> <span class='ocrx_word' id='word_1_89' title='bbox 1528 1095 1625 1136; x_wconf 80' lang='lat' dir='ltr'>quae</span> <span class='ocrx_word' id='word_1_90' title='bbox 1686 1081 1772 1122; x_wconf 87' lang='lat' dir='ltr'>fuit</span> 
     </span>
     <span class='ocr_line' id='line_1_17' title="bbox 360 1148 1769 1204; baseline 0.001 -15"><span class='ocrx_word' id='word_1_91' title='bbox 360 1149 522 1203; x_wconf 84' lang='lat' dir='ltr'>ubique</span> <span class='ocrx_word' id='word_1_92' title='bbox 556 1148 751 1204; x_wconf 83' lang='lat' dir='ltr'>vulgata,</span> <span class='ocrx_word' id='word_1_93' title='bbox 784 1149 874 1204; x_wconf 86' lang='lat' dir='ltr'>ipse</span> <span class='ocrx_word' id='word_1_94' title='bbox 919 1163 1007 1190; x_wconf 90' lang='lat' dir='ltr'>non</span> <span class='ocrx_word' id='word_1_95' title='bbox 1042 1148 1257 1204; x_wconf 77' lang='lat' dir='ltr'>expressit</span> <span class='ocrx_word' id='word_1_96' title='bbox 1288 1149 1457 1190; x_wconf 89' lang='lat' dir='ltr'>meliori</span> <span class='ocrx_word' id='word_1_97' title='bbox 1513 1149 1641 1190; x_wconf 88' lang='lat' dir='ltr'>modo</span> <span class='ocrx_word' id='word_1_98' title='bbox 1684 1164 1769 1204; x_wconf 85' lang='lat' dir='ltr'>quo</span> 
     </span>
     <span class='ocr_line' id='line_1_18' title="bbox 360 1216 1770 1271; baseline 0.001 -14"><span class='ocrx_word' id='word_1_99' title='bbox 360 1217 490 1258; x_wconf 79' lang='lat' dir='ltr'>scivit</span> <span class='ocrx_word' id='word_1_100' title='bbox 513 1216 778 1257; x_wconf 80' lang='lat' dir='ltr'>Heb1·a&#39;1&#39;ca1n</span> <span class='ocrx_word' id='word_1_101' title='bbox 800 1216 1037 1258; x_wconf 82' lang='lat' dir='ltr'>veritatem</span> <span class='ocrx_word' id='word_1_102' title='bbox 1067 1219 1111 1258; x_wconf 90' lang='lat' dir='ltr'>et</span> <span class='ocrx_word' id='word_1_103' title='bbox 1133 1216 1293 1271; x_wconf 79' lang='lat' dir='ltr'>potuit,</span> <span class='ocrx_word' id='word_1_104' title='bbox 1317 1216 1392 1258; x_wconf 84' lang='lat' dir='ltr'>sed</span> <span class='ocrx_word' id='word_1_105' title='bbox 1414 1231 1458 1257; x_wconf 86' lang='lat' dir='ltr'>se</span> <span class='ocrx_word' id='word_1_106' title='bbox 1480 1216 1770 1258; x_wconf 87' lang='lat' dir='ltr'>conformavit</span> 
     </span>
     <span class='ocr_line' id='line_1_19' title="bbox 359 1283 1767 1339; baseline 0.001 -14"><span class='ocrx_word' id='word_1_107' title='bbox 359 1284 640 1325; x_wconf 86' lang='lat' dir='ltr'>translationi</span> <span class='ocrx_word' id='word_1_108' title='bbox 662 1284 880 1339; x_wconf 78' lang='lat' dir='ltr'>Vulgatae‚</span> <span class='ocrx_word' id='word_1_109' title='bbox 903 1284 950 1325; x_wconf 88' lang='lat' dir='ltr'>in</span> <span class='ocrx_word' id='word_1_110' title='bbox 983 1284 1139 1339; x_wconf 87' lang='lat' dir='ltr'>quibus</span> <span class='ocrx_word' id='word_1_111' title='bbox 1169 1284 1330 1325; x_wconf 83' lang='lat' dir='ltr'>vitium</span> <span class='ocrx_word' id='word_1_112' title='bbox 1362 1283 1645 1325; x_wconf 87' lang='lat' dir='ltr'>manifestum</span> <span class='ocrx_word' id='word_1_113' title='bbox 1677 1299 1767 1326; x_wconf 87' lang='lat' dir='ltr'>non</span> 
     </span>
     <span class='ocr_line' id='line_1_20' title="bbox 358 1351 1768 1408; baseline 0.001 -16"><span class='ocrx_word' id='word_1_114' title='bbox 358 1352 453 1394; x_wconf 86' lang='lat' dir='ltr'>fuit.</span> <span class='ocrx_word' id='word_1_115' title='bbox 518 1352 577 1394; x_wconf 89' lang='lat' dir='ltr'>Et</span> <span class='ocrx_word' id='word_1_116' title='bbox 608 1352 688 1393; x_wconf 89' lang='lat' dir='ltr'>hoc</span> <span class='ocrx_word' id='word_1_117' title='bbox 720 1352 823 1393; x_wconf 77' lang='lat' dir='ltr'>fecit</span> <span class='ocrx_word' id='word_1_118' title='bbox 855 1355 1033 1407; x_wconf 84' lang='lat' dir='ltr'>propter</span> <span class='ocrx_word' id='word_1_119' title='bbox 1064 1367 1214 1408; x_wconf 83' lang='lat' dir='ltr'>pacem</span> <span class='ocrx_word' id='word_1_120' title='bbox 1257 1351 1446 1394; x_wconf 73' lang='lat' dir='ltr'>ecclesiae</span> <span class='ocrx_word' id='word_1_121' title='bbox 1488 1355 1532 1393; x_wconf 91' lang='lat' dir='ltr'>et</span> <span class='ocrx_word' id='word_1_122' title='bbox 1573 1352 1768 1394; x_wconf 80' lang='lat' dir='ltr'>virorum</span> 
     </span>
     <span class='ocr_line' id='line_1_21' title="bbox 359 1420 1769 1476; baseline 0.001 -15"><span class='ocrx_word' id='word_1_123' title='bbox 359 1424 608 1462; x_wconf 84' lang='lat' dir='ltr'>sanctorum</span> <span class='ocrx_word' id='word_1_124' title='bbox 653 1420 1039 1462; x_wconf 87' lang='lat' dir='ltr'>ecclesiasticorum</span> <span class='ocrx_word' id='word_1_125' title='bbox 1088 1421 1163 1476; x_wconf 82' lang='lat' dir='ltr'>qui</span> <span class='ocrx_word' id='word_1_126' title='bbox 1225 1420 1598 1462; x_wconf 74' lang='lat' dir='ltr'>contradixerunt.</span> <span class='ocrx_word' id='word_1_127' title='bbox 1683 1421 1769 1472; x_wconf 77' lang='lat' dir='ltr'>Qui</span> 
     </span>
     <span class='ocr_line' id='line_1_22' title="bbox 360 1488 1768 1544; baseline 0.001 -15"><span class='ocrx_word' id='word_1_128' title='bbox 360 1504 458 1529; x_wconf 83' lang='lat' dir='ltr'>cum</span> <span class='ocrx_word' id='word_1_129' title='bbox 506 1489 635 1531; x_wconf 83' lang='lat' dir='ltr'>scivit</span> <span class='ocrx_word' id='word_1_130' title='bbox 682 1503 805 1530; x_wconf 89' lang='lat' dir='ltr'>suam</span> <span class='ocrx_word' id='word_1_131' title='bbox 849 1489 961 1530; x_wconf 88' lang='lat' dir='ltr'>hanc</span> <span class='ocrx_word' id='word_1_132' title='bbox 1013 1488 1200 1544; x_wconf 82' lang='lat' dir='ltr'>primam</span> <span class='ocrx_word' id='word_1_133' title='bbox 1254 1489 1493 1530; x_wconf 70' lang='lat' dir='ltr'>editionem</span> <span class='ocrx_word' id='word_1_134' title='bbox 1544 1503 1635 1530; x_wconf 89' lang='lat' dir='ltr'>non</span> <span class='ocrx_word' id='word_1_135' title='bbox 1678 1503 1768 1531; x_wconf 86' lang='lat' dir='ltr'>esse</span> 
     </span>
     <span class='ocr_line' id='line_1_23' title="bbox 359 1556 1768 1609; baseline 0.001 -12"><span class='ocrx_word' id='word_1_136' title='bbox 359 1556 655 1605; x_wconf 82' lang='lat' dir='ltr'>sufficientem,</span> <span class='ocrx_word' id='word_1_137' title='bbox 680 1556 777 1597; x_wconf 89' lang='lat' dir='ltr'>ideo</span> <span class='ocrx_word' id='word_1_138' title='bbox 809 1557 989 1598; x_wconf 83' lang='lat' dir='ltr'>veritati</span> <span class='ocrx_word' id='word_1_139' title='bbox 1022 1560 1066 1598; x_wconf 89' lang='lat' dir='ltr'>et</span> <span class='ocrx_word' id='word_1_140' title='bbox 1098 1557 1305 1598; x_wconf 85' lang='lat' dir='ltr'>studiosis</span> <span class='ocrx_word' id='word_1_141' title='bbox 1337 1557 1487 1598; x_wconf 83' lang='lat' dir='ltr'>volens</span> <span class='ocrx_word' id='word_1_142' title='bbox 1510 1556 1768 1609; x_wconf 67' lang='lat' dir='ltr'>satisfacere,</span> 
     </span>
     <span class='ocr_line' id='line_1_24' title="bbox 359 1626 1769 1682; baseline 0.001 -15"><span class='ocrx_word' id='word_1_143' title='bbox 359 1627 552 1668; x_wconf 81' lang='lat' dir='ltr'>decrevit</span> <span class='ocrx_word' id='word_1_144' title='bbox 604 1627 735 1667; x_wconf 89' lang='lat' dir='ltr'>aliam</span> <span class='ocrx_word' id='word_1_145' title='bbox 788 1627 1121 1668; x_wconf 62' lang='lat' dir='ltr'>translationem</span> <span class='ocrx_word' id='word_1_146' title='bbox 1180 1627 1425 1681; x_wconf 77' lang='lat' dir='ltr'>relinquere</span> <span class='ocrx_word' id='word_1_147' title='bbox 1486 1626 1534 1666; x_wconf 90' lang='lat' dir='ltr'>in</span> <span class='ocrx_word' id='word_1_148' title='bbox 1596 1627 1769 1682; x_wconf 85' lang='lat' dir='ltr'>scriptis</span> 
     </span>
     <span class='ocr_line' id='line_1_25' title="bbox 358 1693 1768 1749; baseline 0 -14"><span class='ocrx_word' id='word_1_149' title='bbox 358 1694 546 1744; x_wconf 81' lang='lat' dir='ltr'>secretis,</span> <span class='ocrx_word' id='word_1_150' title='bbox 600 1695 765 1736; x_wconf 88' lang='lat' dir='ltr'>scilicet</span> <span class='ocrx_word' id='word_1_151' title='bbox 818 1694 864 1735; x_wconf 89' lang='lat' dir='ltr'>in</span> <span class='ocrx_word' id='word_1_152' title='bbox 917 1694 1006 1735; x_wconf 89' lang='lat' dir='ltr'>suis</span> <span class='ocrx_word' id='word_1_153' title='bbox 1058 1693 1357 1749; x_wconf 70' lang='lat' dir='ltr'>originalibus,</span> <span class='ocrx_word' id='word_1_154' title='bbox 1413 1693 1530 1748; x_wconf 86' lang='lat' dir='ltr'>quod</span> <span class='ocrx_word' id='word_1_155' title='bbox 1583 1697 1627 1734; x_wconf 87' lang='lat' dir='ltr'>et</span> <span class='ocrx_word' id='word_1_156' title='bbox 1671 1694 1768 1735; x_wconf 86' lang='lat' dir='ltr'>fieri</span> 
     </span>
     <span class='ocr_line' id='line_1_26' title="bbox 358 1760 1767 1817; baseline 0.001 -16"><span class='ocrx_word' id='word_1_157' title='bbox 358 1763 504 1817; x_wconf 76' lang='lat' dir='ltr'>potuit</span> <span class='ocrx_word' id='word_1_158' title='bbox 556 1763 648 1803; x_wconf 82' lang='lat' dir='ltr'>sine</span> <span class='ocrx_word' id='word_1_159' title='bbox 690 1762 815 1817; x_wconf 81' lang='lat' dir='ltr'>vulgi</span> <span class='ocrx_word' id='word_1_160' title='bbox 859 1761 1074 1812; x_wconf 80' lang='lat' dir='ltr'>scandalo,</span> <span class='ocrx_word' id='word_1_161' title='bbox 1108 1761 1212 1816; x_wconf 82' lang='lat' dir='ltr'>quia</span> <span class='ocrx_word' id='word_1_162' title='bbox 1257 1761 1349 1802; x_wconf 65' lang='lat' dir='ltr'>lizec</span> <span class='ocrx_word' id='word_1_163' title='bbox 1394 1760 1584 1802; x_wconf 87' lang='lat' dir='ltr'>secunda</span> <span class='ocrx_word' id='word_1_164' title='bbox 1631 1761 1767 1802; x_wconf 86' lang='lat' dir='ltr'>editio</span> 
     </span>
     <span class='ocr_line' id='line_1_27' title="bbox 358 1829 1766 1885; baseline 0.001 -15"><span class='ocrx_word' id='word_1_165' title='bbox 358 1845 585 1885; x_wconf 76' lang='lat' dir='ltr'>nunquam</span> <span class='ocrx_word' id='word_1_166' title='bbox 617 1830 702 1872; x_wconf 82' lang='lat' dir='ltr'>fuit</span> <span class='ocrx_word' id='word_1_167' title='bbox 734 1830 875 1871; x_wconf 88' lang='lat' dir='ltr'>adhuc</span> <span class='ocrx_word' id='word_1_168' title='bbox 906 1830 954 1870; x_wconf 90' lang='lat' dir='ltr'>in</span> <span class='ocrx_word' id='word_1_169' title='bbox 986 1844 1067 1870; x_wconf 87' lang='lat' dir='ltr'>usu</span> <span class='ocrx_word' id='word_1_170' title='bbox 1099 1829 1223 1884; x_wconf 75' lang='lat' dir='ltr'>vulgi</span> <span class='ocrx_word' id='word_1_171' title='bbox 1254 1843 1393 1884; x_wconf 87' lang='lat' dir='ltr'>neque</span> <span class='ocrx_word' id='word_1_172' title='bbox 1427 1829 1623 1879; x_wconf 51' lang='lat' dir='ltr'>ecclesiia</span> <span class='ocrx_word' id='word_1_173' title='bbox 1657 1844 1766 1884; x_wconf 69' lang='lat' dir='ltr'>prae-</span> 
     </span>
     <span class='ocr_line' id='line_1_28' title="bbox 358 1897 1769 1953; baseline 0 -14"><span class='ocrx_word' id='word_1_174' title='bbox 358 1899 510 1940; x_wconf 85' lang='lat' dir='ltr'>sertim</span> <span class='ocrx_word' id='word_1_175' title='bbox 542 1913 639 1939; x_wconf 90' lang='lat' dir='ltr'>cum</span> <span class='ocrx_word' id='word_1_176' title='bbox 672 1898 717 1939; x_wconf 90' lang='grc'>111</span> <span class='ocrx_word' id='word_1_177' title='bbox 760 1898 880 1939; x_wconf 84' lang='grc'>0111111</span> <span class='ocrx_word' id='word_1_178' title='bbox 912 1901 1105 1953; x_wconf 86' lang='lat' dir='ltr'>tempore</span> <span class='ocrx_word' id='word_1_179' title='bbox 1138 1897 1223 1938; x_wconf 75' lang='lat' dir='ltr'>viri</span> <span class='ocrx_word' id='word_1_180' title='bbox 1265 1897 1515 1952; x_wconf 86' lang='lat' dir='ltr'>paucissimi</span> <span class='ocrx_word' id='word_1_181' title='bbox 1557 1897 1624 1937; x_wconf 88' lang='lat' dir='ltr'>usi</span> <span class='ocrx_word' id='word_1_182' title='bbox 1665 1901 1769 1939; x_wconf 86' lang='lat' dir='ltr'>sunt</span> 
     </span>
     <span class='ocr_line' id='line_1_29' title="bbox 359 1965 1767 2022; baseline -0.001 -15"><span class='ocrx_word' id='word_1_183' title='bbox 359 1967 644 2022; x_wconf 70' lang='lat' dir='ltr'>originalibus</span> <span class='ocrx_word' id='word_1_184' title='bbox 689 1967 756 2008; x_wconf 88' lang='lat' dir='ltr'>sui</span> <span class='ocrx_word' id='word_1_185' title='bbox 799 1965 1064 2021; x_wconf 80' lang='lat' dir='ltr'>Hieronymi</span> <span class='ocrx_word' id='word_1_186' title='bbox 1116 1980 1245 2020; x_wconf 78' lang='lat' dir='ltr'>super</span> <span class='ocrx_word' id='word_1_187' title='bbox 1297 1968 1483 2014; x_wconf 70' lang='lat' dir='ltr'>textum,</span> <span class='ocrx_word' id='word_1_188' title='bbox 1528 1965 1592 2006; x_wconf 87' lang='lat' dir='ltr'>ita</span> <span class='ocrx_word' id='word_1_189' title='bbox 1633 1965 1767 2006; x_wconf 89' lang='lat' dir='ltr'>etiam</span> 
     </span>
     <span class='ocr_line' id='line_1_30' title="bbox 359 2033 1769 2077; baseline 0 -2"><span class='ocrx_word' id='word_1_190' title='bbox 359 2041 409 2076; x_wconf 88' lang='lat' dir='ltr'>ut</span> <span class='ocrx_word' id='word_1_191' title='bbox 444 2035 651 2077; x_wconf 80' lang='lat' dir='ltr'>Rabanus</span> <span class='ocrx_word' id='word_1_192' title='bbox 684 2038 728 2076; x_wconf 90' lang='lat' dir='ltr'>et</span> <span class='ocrx_word' id='word_1_193' title='bbox 761 2034 1043 2077; x_wconf 80' lang='lat' dir='ltr'>Cassiodorus</span> <span class='ocrx_word' id='word_1_194' title='bbox 1076 2033 1161 2074; x_wconf 91' lang='lat' dir='ltr'>viri</span> <span class='ocrx_word' id='word_1_195' title='bbox 1205 2033 1401 2074; x_wconf 85' lang='lat' dir='ltr'>doctores</span> <span class='ocrx_word' id='word_1_196' title='bbox 1444 2033 1684 2074; x_wconf 89' lang='lat' dir='ltr'>docuerunt</span> <span class='ocrx_word' id='word_1_197' title='bbox 1725 2048 1769 2075; x_wconf 88' lang='lat' dir='ltr'>se</span> 
     </span>
     <span class='ocr_line' id='line_1_31' title="bbox 360 2100 1767 2158; baseline -0.001 -15"><span class='ocrx_word' id='word_1_198' title='bbox 360 2117 447 2143; x_wconf 90' lang='grc'>11011</span> <span class='ocrx_word' id='word_1_199' title='bbox 480 2117 604 2158; x_wconf 85' lang='lat' dir='ltr'>posse</span> <span class='ocrx_word' id='word_1_200' title='bbox 637 2103 783 2143; x_wconf 90' lang='lat' dir='ltr'>omnia</span> <span class='ocrx_word' id='word_1_201' title='bbox 825 2102 918 2156; x_wconf 84' lang='lat' dir='ltr'>ejus</span> <span class='ocrx_word' id='word_1_202' title='bbox 950 2101 1182 2157; x_wconf 73' lang='lat' dir='ltr'>originalia</span> <span class='ocrx_word' id='word_1_203' title='bbox 1224 2100 1433 2150; x_wconf 77' lang='lat' dir='ltr'>invenire,</span> <span class='ocrx_word' id='word_1_204' title='bbox 1467 2101 1580 2142; x_wconf 87' lang='lat' dir='ltr'>sicut</span> <span class='ocrx_word' id='word_1_205' title='bbox 1624 2101 1767 2142; x_wconf 86' lang='lat' dir='ltr'>Raba-</span> 
     </span>
     <span class='ocr_line' id='line_1_32' title="bbox 360 2168 1768 2225; baseline -0.001 -14"><span class='ocrx_word' id='word_1_206' title='bbox 360 2185 443 2211; x_wconf 88' lang='lat' dir='ltr'>nus</span> <span class='ocrx_word' id='word_1_207' title='bbox 485 2170 642 2211; x_wconf 83' lang='lat' dir='ltr'>recitat</span> <span class='ocrx_word' id='word_1_208' title='bbox 674 2184 803 2225; x_wconf 83' lang='lat' dir='ltr'>super</span> <span class='ocrx_word' id='word_1_209' title='bbox 834 2169 1074 2211; x_wconf 80' lang='lat' dir='ltr'>Jeremiam</span> <span class='ocrx_word' id='word_1_210' title='bbox 1116 2169 1163 2209; x_wconf 90' lang='lat' dir='ltr'>in</span> <span class='ocrx_word' id='word_1_211' title='bbox 1196 2168 1410 2224; x_wconf 81' lang='lat' dir='ltr'>originali.</span> <span class='ocrx_word' id='word_1_212' title='bbox 1476 2168 1587 2210; x_wconf 83' lang='lat' dir='ltr'>Cum</span> <span class='ocrx_word' id='word_1_213' title='bbox 1629 2168 1768 2224; x_wconf 80' lang='lat' dir='ltr'>igitur</span> 
     </span>
     <span class='ocr_line' id='line_1_33' title="bbox 360 2236 1767 2293; baseline -0.001 -14"><span class='ocrx_word' id='word_1_214' title='bbox 360 2253 448 2279; x_wconf 88' lang='lat' dir='ltr'>non</span> <span class='ocrx_word' id='word_1_215' title='bbox 494 2238 838 2280; x_wconf 72' lang='lat' dir='ltr'>scandalizavit³</span> <span class='ocrx_word' id='word_1_216' title='bbox 886 2252 963 2293; x_wconf 85' lang='lat' dir='ltr'>per</span> <span class='ocrx_word' id='word_1_217' title='bbox 1010 2237 1121 2278; x_wconf 80' lang='lat' dir='ltr'>hano</span> <span class='ocrx_word' id='word_1_218' title='bbox 1163 2237 1395 2278; x_wconf 90' lang='lat' dir='ltr'>secundam</span> <span class='ocrx_word' id='word_1_219' title='bbox 1437 2236 1767 2278; x_wconf 83' lang='lat' dir='ltr'>translationem</span> 
     </span>
     <span class='ocr_line' id='line_1_34' title="bbox 360 2304 1769 2360; baseline 0 -14"><span class='ocrx_word' id='word_1_220' title='bbox 360 2307 406 2346; x_wconf 90' lang='lat' dir='ltr'>in</span> <span class='ocrx_word' id='word_1_221' title='bbox 458 2306 616 2360; x_wconf 81' lang='lat' dir='ltr'>aliquo,</span> <span class='ocrx_word' id='word_1_222' title='bbox 672 2310 716 2347; x_wconf 92' lang='lat' dir='ltr'>et</span> <span class='ocrx_word' id='word_1_223' title='bbox 768 2308 910 2347; x_wconf 85' lang='lat' dir='ltr'>totam</span> <span class='ocrx_word' id='word_1_224' title='bbox 957 2305 1193 2346; x_wconf 70' lang='lat' dir='ltr'>veritatem</span> <span class='ocrx_word' id='word_1_225' title='bbox 1256 2304 1522 2346; x_wconf 84' lang='lat' dir='ltr'>Hebra&#39;i&#39;cam</span> <span class='ocrx_word' id='word_1_226' title='bbox 1576 2305 1769 2346; x_wconf 88' lang='lat' dir='ltr'>decrevit</span> 
     </span>
     <span class='ocr_line' id='line_1_35' title="bbox 358 2372 1767 2426; baseline 0 -13"><span class='ocrx_word' id='word_1_227' title='bbox 358 2373 530 2414; x_wconf 79' lang='lat' dir='ltr'>tradere</span> <span class='ocrx_word' id='word_1_228' title='bbox 564 2373 732 2413; x_wconf 87' lang='lat' dir='ltr'>Latinis</span> <span class='ocrx_word' id='word_1_229' title='bbox 775 2372 993 2423; x_wconf 79' lang='lat' dir='ltr'>studiosis,</span> <span class='ocrx_word' id='word_1_230' title='bbox 1027 2372 1125 2413; x_wconf 87' lang='lat' dir='ltr'>ideo</span> <span class='ocrx_word' id='word_1_231' title='bbox 1162 2373 1274 2413; x_wconf 87' lang='lat' dir='ltr'>hanc</span> <span class='ocrx_word' id='word_1_232' title='bbox 1315 2372 1548 2412; x_wconf 83' lang='lat' dir='ltr'>secundam</span> <span class='ocrx_word' id='word_1_233' title='bbox 1589 2372 1767 2426; x_wconf 85' lang='lat' dir='ltr'>reliquit</span> 
     </span>
     <span class='ocr_line' id='line_1_36' title="bbox 359 2439 1765 2495; baseline -0.001 -14"><span class='ocrx_word' id='word_1_234' title='bbox 359 2441 405 2481; x_wconf 89' lang='lat' dir='ltr'>in</span> <span class='ocrx_word' id='word_1_235' title='bbox 444 2440 758 2495; x_wconf 77' lang='lat' dir='ltr'>originalibus3</span> <span class='ocrx_word' id='word_1_236' title='bbox 801 2454 880 2481; x_wconf 86' lang='lat' dir='ltr'>nec</span> <span class='ocrx_word' id='word_1_237' title='bbox 919 2439 1088 2480; x_wconf 88' lang='lat' dir='ltr'>Latinis</span> <span class='ocrx_word' id='word_1_238' title='bbox 1120 2440 1266 2494; x_wconf 88' lang='lat' dir='ltr'>potuit</span> <span class='ocrx_word' id='word_1_239' title='bbox 1299 2439 1504 2480; x_wconf 83' lang='lat' dir='ltr'>disserere</span> <span class='ocrx_word' id='word_1_240' title='bbox 1549 2442 1593 2479; x_wconf 88' lang='lat' dir='ltr'>et</span> <span class='ocrx_word' id='word_1_241' title='bbox 1635 2453 1765 2493; x_wconf 76' lang='lat' dir='ltr'>expo-</span> 
     </span>
     <span class='ocr_line' id='line_1_37' title="bbox 359 2506 1766 2561; baseline -0.001 -12"><span class='ocrx_word' id='word_1_242' title='bbox 359 2522 461 2549; x_wconf 90' lang='lat' dir='ltr'>nere</span> <span class='ocrx_word' id='word_1_243' title='bbox 483 2507 726 2549; x_wconf 83' lang='lat' dir='ltr'>veritatem.</span> <span class='ocrx_word' id='word_1_244' title='bbox 792 2507 851 2547; x_wconf 86' lang='lat' dir='ltr'>Et</span> <span class='ocrx_word' id='word_1_245' title='bbox 873 2507 928 2547; x_wconf 85' lang='lat' dir='ltr'>ad</span> <span class='ocrx_word' id='word_1_246' title='bbox 953 2507 1201 2561; x_wconf 84' lang='lat' dir='ltr'>hujusmodi</span> <span class='ocrx_word' id='word_1_247' title='bbox 1223 2506 1598 2547; x_wconf 85' lang='lat' dir='ltr'>confirmationem</span> <span class='ocrx_word' id='word_1_248' title='bbox 1627 2506 1766 2548; x_wconf 85' lang='lat' dir='ltr'>dicere</span> 
     </span>
     <span class='ocr_line' id='line_1_38' title="bbox 359 2573 1765 2632; baseline 0 -17"><span class='ocrx_word' id='word_1_249' title='bbox 359 2590 546 2632; x_wconf 78' lang='lat' dir='ltr'>possum,</span> <span class='ocrx_word' id='word_1_250' title='bbox 581 2575 697 2630; x_wconf 83' lang='lat' dir='ltr'>quod</span> <span class='ocrx_word' id='word_1_251' title='bbox 728 2575 921 2616; x_wconf 82' lang='lat' dir='ltr'>humana</span> <span class='ocrx_word' id='word_1_252' title='bbox 951 2574 1191 2629; x_wconf 77' lang='lat' dir='ltr'>fragilitate</span> <span class='ocrx_word' id='word_1_253' title='bbox 1224 2574 1422 2615; x_wconf 79' lang='lat' dir='ltr'>devictus</span> <span class='ocrx_word' id='word_1_254' title='bbox 1454 2573 1510 2614; x_wconf 85' lang='lat' dir='ltr'>ad</span> <span class='ocrx_word' id='word_1_255' title='bbox 1552 2577 1765 2628; x_wconf 84' lang='lat' dir='ltr'>quantum</span> 
     </span>
     <span class='ocr_line' id='line_1_39' title="bbox 360 2642 1765 2700; baseline 0 -15"><span class='ocrx_word' id='word_1_256' title='bbox 360 2644 508 2700; x_wconf 82' lang='lat' dir='ltr'>potuit</span> <span class='ocrx_word' id='word_1_257' title='bbox 551 2644 596 2684; x_wconf 89' lang='lat' dir='ltr'>in</span> <span class='ocrx_word' id='word_1_258' title='bbox 645 2658 722 2685; x_wconf 86' lang='lat' dir='ltr'>sua</span> <span class='ocrx_word' id='word_1_259' title='bbox 766 2643 906 2698; x_wconf 80' lang='lat' dir='ltr'>prima</span> <span class='ocrx_word' id='word_1_260' title='bbox 951 2642 1143 2684; x_wconf 89' lang='lat' dir='ltr'>editione</span> <span class='ocrx_word' id='word_1_261' title='bbox 1196 2642 1406 2693; x_wconf 83' lang='lat' dir='ltr'>aberrare,</span> <span class='ocrx_word' id='word_1_262' title='bbox 1452 2645 1496 2683; x_wconf 91' lang='lat' dir='ltr'>et</span> <span class='ocrx_word' id='word_1_263' title='bbox 1543 2642 1765 2685; x_wconf 84' lang='lat' dir='ltr'>celeritate</span> 
     </span>
    </p>
   </div>
   <div class='ocr_carea' id='block_1_6' title="bbox 1158 2775 1755 2779">
    <p class='ocr_par' dir='ltr' id='par_1_6' title="bbox 1158 2775 1755 2779">
     <span class='ocr_line' id='line_1_40' title="bbox 1158 2775 1755 2779; baseline 0 0"><span class='ocrx_word' id='word_1_264' title='bbox 1158 2775 1755 2779; x_wconf 95' lang='lat' dir='ltr'> </span> 
     </span>
    </p>
   </div>
   <div class='ocr_carea' id='block_1_7' title="bbox 407 2857 1765 2901">
    <p class='ocr_par' dir='ltr' id='par_1_7' title="bbox 407 2857 1765 2901">
     <span class='ocr_line' id='line_1_41' title="bbox 407 2857 1765 2901; baseline 0.001 -11"><span class='ocrx_word' id='word_1_265' title='bbox 407 2860 413 2877; x_wconf 87' lang='lat'>¹</span> <span class='ocrx_word' id='word_1_266' title='bbox 434 2860 544 2901; x_wconf 55' lang='lat' dir='ltr'>quasi]</span> <span class='ocrx_word' id='word_1_267' title='bbox 572 2859 658 2901; x_wconf 79' lang='lat' dir='ltr'>quia,</span> <span class='ocrx_word' id='word_1_268' title='bbox 677 2859 786 2901; x_wconf 79' lang='lat' dir='ltr'>Hody.</span> <span class='ocrx_word' id='word_1_269' title='bbox 1137 2859 1149 2876; x_wconf 81' lang='lat'>&#39;·&#39;</span> <span class='ocrx_word' id='word_1_270' title='bbox 1164 2857 1417 2901; x_wconf 56' lang='lat' dir='ltr'>scandalium-it]</span> <span class='ocrx_word' id='word_1_271' title='bbox 1437 2860 1671 2897; x_wconf 78' lang='lat' dir='ltr'>scandalizant,</span> <span class='ocrx_word' id='word_1_272' title='bbox 1692 2860 1765 2892; x_wconf 82' lang='lat' dir='ltr'>MS.</span> 
     </span>
    </p>
   </div>
  </div>
 </body>
</html>
