1964 3259
213 247 336 304 Lxx]
742 258 856 290 orus
887 258 1100 291 TERTIUM.
1525 249 1611 296 287

210 377 383 419 minuta
414 380 459 419 et
490 376 784 433 quadraginta
811 377 1014 429 secunda,
1047 377 1208 432 quibus
1257 381 1412 434 quater
1448 393 1611 421 noven-

209 445 348 487 decim
380 446 484 487 anni
516 446 683 495 solares,
719 445 795 500 qui
825 444 992 487 iaciunt
1024 445 1308 503 septuaginta
1341 461 1418 488 sex
1461 461 1610 500 annos,

210 514 429 556 excedunt
459 529 558 555 suas
589 514 846 555 lunationes,

269 582 329 625 Et
359 583 429 625 hic
476 586 542 624 est
572 582 737 638 primus
780 595 899 623 error
934 581 1144 624 notabilis
1176 598 1306 639 quem
1337 599 1364 626 a
1395 585 1609 642 principio
1630 589 1702 620 The
1714 593 1834 623 second

208 651 362 693 notavi
379 667 389 703 3
421 665 476 694 ex
507 664 592 706 quo
623 650 824 706 sequitur
854 651 1079 694 secundus.
1144 651 1262 694 Nam
1285 652 1320 694 si
1350 654 1610 710 accipiamus
1628 644 1727 666 mor.

209 722 366 774 quater
405 719 686 776 septuaginta
714 733 790 760 sex
821 733 971 771 annos,
1009 720 1085 774 qui
1112 718 1282 763 faciunt
1311 724 1530 764 trecentos
1567 728 1611 765 et

208 791 395 843 quatuor
440 802 589 839 annOS‚
626 787 896 843 superabunt
942 803 1042 829 suas
1085 789 1333 831 lunationes
1375 789 1423 831 in
1457 794 1612 845 quater

206 856 425 898 sexdecim
470 856 654 898 minutis
695 859 741 898 et
783 857 1078 913 quadraginta
1123 858 1336 900 secundis,
1401 858 1489 901 Sed
1520 860 1611 902 h‘fec

207 927 382 980 sumpta
413 927 570 979 quater
610 924 778 967 faciunt
809 940 948 966 unum
980 925 1107 977 diem,
1153 929 1197 968 et
1239 941 1316 969 sex
1346 928 1531 980 minuta,
1567 932 1610 970 et

206 992 501 1049 quadraginta
552 993 768 1035 secunda:
812 994 1079 1050 relinquitur
1121 995 1261 1051 igitur
1306 1010 1426 1038 error
1459 1012 1609 1039 secun-

204 1061 295 1111 dus,
359 1061 477 1119 quod
522 1062 710 1104 trecenti
762 1066 808 1104 et
859 1067 1049 1119 quatuor
1094 1065 1199 1105 anni
1251 1069 1459 1121 superant
1511 1081 1610 1108 suas

204 1129 455 1172 lunationes
505 1130 554 1172 in
604 1144 692 1172 uno
745 1130 826 1183 die,
873 1135 918 1173 et
969 1146 1046 1173 sex
1096 1132 1280 1174 minutis
1324 1133 1456 1176 unius
1508 1135 1608 1187 diei,

203 1201 247 1240 et
279 1199 574 1255 quadraginta
617 1199 828 1241 secundis.
909 1200 967 1243 Et
998 1201 1095 1242 ideo
1141 1201 1300 1243 accidit
1344 1203 1461 1257 quod
1510 1207 1609 1259 post

203 1269 423 1308 trecentos
467 1270 512 1309 et
555 1270 744 1322 quatuor
797 1282 945 1320 annos,
997 1272 1049 1311 ut
1101 1268 1322 1311 dicamusl
1367 1271 1606 1313 secundum

202 1334 507 1376 kalendarium
553 1335 704 1377 lunam
768 1336 967 1392 primam,
1012 1338 1106 1394 ipsa
1153 1338 1369 1381 existente
1431 1340 1607 1395 majoris

205 1404 351 1445 {etatis
402 1404 651 1459 quantitate
703 1405 834 1446 unius
886 1406 984 1458 diei,
1037 1410 1082 1448 et
1124 1421 1200 1448 sex
1246 1408 1528 1461 minutorum,
1562 1413 1606 1451 et

205 1473 497 1529 quadraginta
540 1472 838 1516 secundorum.
913 1474 973 1516 Et
1005 1475 1042 1515 si
1073 1476 1165 1517 haec
1208 1476 1423 1528 accidunt,
1467 1478 1605 1518 mani—

203 1540 364 1582 festum
396 1544 462 1582 est
492 1541 736 1597 inquirenti
768 1543 895 1597 quod,
930 1542 1224 1598 multiplicato
1256 1547 1462 1600 tempore,
1495 1547 1606 1587 mul-

202 1608 524 1664 tiplicabuntur
575 1609 938 1652 inconvenientia.
1010 1610 1070 1653 Et
1121 1611 1218 1653 ideo
1270 1617 1369 1668 post
1420 1618 1608 1669 quatuor

202 1677 341 1719 millia
375 1677 622 1720 trecentos2
686 1679 1009 1735 quinquaginta
1081 1694 1158 1721 sex
1235 1696 1373 1723 annos
1437 1683 1606 1725 dicetur

202 1745 309 1786 luna
359 1746 511 1801 prima,
558 1761 695 1802 quum
743 1748 978 1789 secundum
1030 1749 1401 1804 computationem
1454 1751 1604 1793 kalen-

203 1813 315 1855 darii
361 1814 456 1870 ipsa
506 1814 591 1856 erit
637 1815 767 1871 plena
796 1815 993 1868 lumine;
1040 1820 1085 1858 et
1127 1817 1313 1860 ulterius
1356 1820 1474 1873 quod
1516 1835 1605 1862 una

205 1881 375 1924 lunatio
440 1883 614 1939 integra
674 1884 1079 1939 superabundabit3
1138 1889 1183 1927 et
1244 1886 1425 1928 tandem
1487 1889 1603 1942 quod

201 1953 379 1992 centum
430 1951 680 1993 lunationes
731 1952 779 1993 in
830 1953 1023 1994 inaximo
1076 1956 1271 2009 tempore
1322 1955 1602 2010 superfluent,

199 2018 312 2060 sicut
361 2021 486 2074 patet
529 2033 606 2074 per
648 2019 816 2062 radices
856 2020 951 2076 jam
997 2020 1152 2073 datas3
1197 2036 1276 2064 nec
1323 2026 1388 2064 est
1433 2038 1602 2066 necesse

199 2085 336 2128 facere
367 2088 718 2143 computationes
749 2087 935 2143 majores
965 2103 1044 2144 pro
1075 2091 1282 2145 praesenti
1313 2093 1598 2146 persuasione,

199 2154 304 2210 quia
334 2158 549 2211 promptae
581 2159 687 2197 sunt
719 2156 1110 2198 demonstrationes
1141 2158 1197 2199 ad
1228 2158 1309 2201 hoc
1340 2173 1438 2200 cum
1468 2160 1600 2202 fuerit

199 2225 506 2278 opportunum.
570 2223 955 2266 Manifestissimus
986 2225 1124 2281 igitur
1170 2229 1235 2268 est
1281 2241 1399 2269 error
1440 2228 1599 2284 prima-

196 2292 367 2333 tionum
399 2293 636 2335 secundum
666 2293 980 2346 kalendarium,
1005 2297 1050 2337 et
1079 2309 1168 2337 non
1198 2310 1313 2337 unus
1344 2297 1419 2339 sed
1449 2298 1597 2339 multi-

196 2361 309 2415 pleX,
341 2375 421 2403 nec
450 2376 613 2417 parvus
645 2363 720 2403 sed
750 2363 876 2418 quasi
905 2363 1118 2405 infinitus.

257 2429 316 2470 Et
346 2443 445 2470 cum
476 2429 541 2471 ita
571 2430 632 2471 sit
662 2444 782 2472 error
813 2431 923 2486 cycli
944 2431 1304 2475 decennovenalis
1334 2434 1382 2475 in
1413 2434 1595 2491 singulis
1612 2447 1714 2480 Error
1727 2449 1758 2479 in

195 2497 334 2549 annis,
358 2497 555 2552 sequitur
586 2499 701 2554 quod
733 2499 934 2541 similiter
965 2501 1048 2542 erit
1082 2515 1199 2543 error
1229 2501 1277 2543 in
1309 2503 1438 2558 cyclis
1472 2518 1596 2559 epac·
1612 2493 1669 2526 the
1686 2499 1805 2534 epacte..

195 2566 351 2605 tarum.
415 2564 533 2606 Nam
555 2567 755 2609 undecim
787 2567 877 2609 dies
910 2573 1204 2611 excrescentes
1235 2570 1284 2611 in
1315 2585 1432 2612 anno
1463 2573 1593 2613 solari

194 2645 323 2687 super
352 2646 516 2675 annum
552 2634 748 2678 lunarem
780 2636 987 2679 dicuntur
1018 2640 1205 2694 epactae3
1237 2639 1458 2694 sequentis
1489 2640 1593 2681 anni

241 2799 249 2817 ¹
267 2797 426 2841 dicamus]
454 2800 554 2839 dicas,
572 2801 612 2833 T.
974 2805 986 2822 ³
1002 2804 1139 2846 epactoe]
1168 2809 1291 2845 epacta,
1307 2805 1346 2837 B.
1365 2805 1403 2837 T.

238 2853 251 2870 ²
267 2851 434 2894 trecentos]
461 2853 626 2894 dueentoS‚
645 2854 685 2888 Τ.
