1964 3259
737 265 852 297 opus
881 266 1037 298 MINUS.
1500 260 1586 299 383

191 380 250 421 Et
281 380 360 422 hoc
387 384 452 422 est
479 376 639 423 ferrum
668 380 955 423 communiter
975 383 1189 432 vocatum,
1214 383 1328 423 uncle
1354 382 1467 424 fiunt
1495 387 1594 424 tan-

189 451 284 490 tum
310 449 600 491 instrumenta
630 449 777 499 ferrea,
802 463 899 503 quae
927 449 1088 490 debent
1118 449 1352 504 perdurare
1384 451 1431 491 in
1462 451 1594 492 variis

188 518 543 572 percussionibus.
588 517 723 558 Aliud
750 531 886 572 genus
920 516 1024 558 ferri
1055 517 1194 573 magis
1224 520 1290 559 est
1320 518 1376 559 ad
1407 519 1594 560 acutiem

191 587 234 626 et
256 585 511 637 scissionem,
534 588 586 627 ut
607 584 796 639 chalybs,
816 588 860 626 et
882 586 947 626 est
968 585 1119 640 purius
1143 600 1273 641 quam
1296 586 1458 628 ferrum
1481 601 1592 628 com-

190 667 320 695 mune
337 671 347 706 3
379 657 425 695 et
454 653 591 709 magis
633 652 799 694 habens
842 652 896 694 de
938 653 1078 695 calore
1095 670 1104 706 3
1138 657 1181 696 et
1214 655 1311 696 ideo
1343 655 1489 711 aptius
1528 658 1594 697 est

189 721 246 762 acl
277 722 523 764 scissionem
555 723 599 763 et
642 735 835 773 acumen,
879 722 1117 763 secundum
1159 723 1443 773 Avicennam,
1477 723 1593 779 quod

189 803 279 830 non
309 792 375 831 est
404 790 469 831 ita
499 789 670 839 ductile,
704 803 782 830 nec
823 788 888 830 ita
929 789 1183 840 malleabile,
1232 804 1310 832 nec
1353 791 1408 832 ad
1442 806 1592 847 percu-

188 857 386 898 tiendum
417 857 488 899 vel
519 857 822 898 sustinendum
852 857 1006 899 habile.
1071 857 1131 899 Et
1162 858 1344 900 tertium
1377 862 1442 900 est
1476 859 1593 914 quod

188 928 368 966 vocatur
389 925 603 977 A'ndc‘na,
627 924 747 979 cujus
768 925 907 966 rarior
938 928 1003 967 est
1024 940 1128 967 usus
1159 926 1274 982 apud
1310 926 1516 979 Latinos;
1548 927 1594 967 in

186 991 266 1033 hoc
297 993 588 1035 contrariatur
618 992 729 1034 ferro
762 993 991 1043 communi,
1028 994 1143 1049 quod
1173 994 1335 1036 ferrum
1368 1009 1594 1037 commune

187 1074 275 1101 non
327 1061 501 1102 ducitur
542 1076 619 1103 1166
650 1061 881 1103 malleatur
912 1061 996 1102 nisi
1039 1063 1228 1104 multum
1259 1063 1369 1104 bene
1412 1063 1591 1105 calefiat.

187 1127 373 1170 Andena
403 1144 506 1171 vero
549 1144 571 1171 6
619 1144 823 1171 converso
858 1145 996 1171 unuin
1043 1131 1142 1172 vult
1185 1145 1339 1186 parum
1372 1131 1559 1173 calefieri
1580 1130 1592 1154 ¹

187 1196 298 1238 sicut
329 1201 570 1253 argentum,
605 1201 820 1253 quatenus
852 1198 1084 1248 mollietur,
1118 1213 1196 1240 nec
1238 1202 1303 1240 est
1334 1199 1398 1240 ita
1440 1203 1592 1254 aptum

187 1264 242 1305 ad
274 1265 521 1307 scissionem
552 1265 664 1307 sicut
696 1265 875 1321 chalybs
892 1282 902 1318 3
934 1267 1010 1307 sed
1042 1269 1108 1308 est
1142 1267 1284 1308 medio
1316 1267 1444 1308 modo
1477 1267 1593 1309 inter

185 1331 346 1374 ferrum
378 1348 604 1375 commune
636 1336 680 1375 et
703 1333 941 1389 chalybem,
964 1349 1067 1376 nam
1088 1335 1242 1376 melius
1273 1336 1432 1377 scindit
1459 1350 1590 1391 quam

185 1400 347 1442 ferrum
378 1416 624 1453 commune,
657 1405 702 1443 et
735 1402 886 1443 mitius
918 1403 1026 1444 bene
1059 1417 1187 1458 quam
1221 1403 1408 1459 chalybs.
1471 1404 1586 1445 Item

186 1469 340 1512 melius
391 1474 456 1512 est
513 1470 568 1512 ad
620 1470 922 1512 sustinendum
974 1474 1019 1513 et
1069 1472 1401 1527 percutiendum
1453 1486 1584 1527 quam

185 1537 373 1592 chalybs,
407 1539 482 1580 sed
511 1538 673 1580 ferrum
705 1553 930 1579 commune
963 1539 1002 1580 61
1034 1539 1244 1594 praevalet
1280 1541 1326 1581 in
1358 1540 1462 1582 istis.
1527 1540 1586 1582 Et

185 1605 347 1646 ferrum
389 1620 614 1647 commune
660 1606 798 1647 levius
830 1609 895 1647 est
926 1606 973 1646 in
1003 1607 1191 1661 pondere
1234 1621 1363 1662 quam
1406 1607 1585 1663 chalybs

185 1676 230 1714 et
259 1673 438 1715 andena.
502 1673 561 1715 Et
592 1674 688 1715 ideo
719 1673 873 1715 melius
905 1673 1097 1715 trahitur
1126 1689 1152 1715 a
1183 1679 1394 1731 magnete.

245 1741 305 1782 Et
355 1741 435 1783 hoc
485 1744 550 1783 est
603 1741 861 1783 miraculum
913 1745 1083 1784 naturae
1135 1743 1182 1784 in
1232 1747 1357 1799 parte
1408 1746 1584 1797 notum3
1603 1762 1652 1795 Of
1662 1763 1718 1796 the

183 1809 356 1859 scilicet,
399 1810 516 1865 quod
566 1809 727 1851 ferrum
768 1810 966 1865 sequitur
1006 1814 1174 1866 partem
1221 1812 1436 1866 magnetis
1486 1826 1584 1866 quae
1602 1814 1734 1858 {nagnet
1745 1812 1809 1842 and

183 1877 333 1934 tetigit
374 1879 527 1933 ipsum,
561 1881 605 1919 et
645 1878 827 1919 alteram
874 1881 1044 1933 partem
1086 1878 1199 1934 fugit
1241 1879 1433 1934 ejusdem
1464 1894 1583 1935 mag-
1600 1857 1792 1930 agg->roper-

184 1947 306 1987 netis.
375 1946 435 1987 Et
476 1946 693 1987 convertit
736 1960 780 1986 se
822 1949 922 2000 post
967 1949 1137 1987 motum
1174 1947 1230 1988 acl
1272 1951 1441 2002 partem
1488 1948 1585 1989 coeli

185 2013 446 2054 conformem
529 2013 646 2068 parti
730 2013 957 2069 magnetis,
1027 2028 1124 2068 quae
1190 2014 1352 2056 ferrum
1424 2016 1583 2071 tetigit.

185 2081 302 2122 Nam
343 2095 420 2137 pro
467 2084 583 2122 certo
625 2083 813 2135 quatuor
852 2084 999 2137 partes
1050 2083 1203 2123 mundi
1254 2084 1586 2139 distinguuntur

185 2150 232 2190 in
282 2151 496 2205 magnete,
545 2149 706 2191 scilicet
762 2149 915 2199 oriens,
975 2150 1181 2200 occidens,
1234 2152 1487 2207 septentrio,
1540 2154 1585 2192 61,

183 2217 411 2269 meridies3
444 2220 488 2259 et
518 2220 700 2273 possunt
740 2232 817 2273 per
847 2218 1163 2273 experientiam
1195 2220 1403 2275 cognosci,
1435 2235 1584 2262 secun-

184 2286 288 2327 dum
335 2285 450 2341 quod
491 2285 602 2327 bene
644 2286 905 2341 exprimitur
956 2286 1012 2327 ad
1064 2301 1194 2342 quam
1256 2291 1425 2344 partem
1487 2289 1584 2330 coeli

183 2354 390 2410 quaelibet
432 2368 529 2410 pars
571 2354 722 2395 tendit.
788 2354 847 2394 Et
888 2357 993 2396 tunc
1035 2355 1071 2396 si
1103 2370 1128 2396 a
1160 2360 1283 2412 parte
1325 2357 1582 2412 septentrio-

182 2421 273 2463 nali
305 2422 521 2478 magnetis
554 2424 764 2478 tangatur
795 2421 956 2463 ferrum
1000 2427 1206 2478 sequetur
1250 2424 1370 2465 illam
1412 2429 1582 2480 partem

183 2489 553 2545 qualitercumque
615 2493 813 2541 meatur3
866 2491 1027 2532 scilicet
1072 2506 1243 2533 sursum
1295 2496 1373 2534 aut
1424 2497 1592 2534 retror-‘

181 2572 288 2609 sum,
336 2557 621 2608 dextrorsum,
670 2558 986 2611 sinistrorsum;
1039 2563 1083 2601 et
1124 2560 1358 2602 secundum
1410 2576 1582 2602 omnem

183 2624 472 2666 differentiam
507 2626 742 2682 positionis.
807 2627 866 2668 Et
897 2627 945 2668 in
975 2630 1153 2669 tantum
1184 2628 1364 2683 rapitiu‘,
1398 2629 1514 2683 quod
1545 2629 1590 2670 six

181 2691 344 2734 ferrum
373 2697 562 2750 ponatur
592 2694 639 2735 in
670 2708 773 2736 vase
800 2695 931 2753 pleno
963 2709 1098 2752 aquae,
1132 2699 1175 2737 et
1206 2710 1361 2737 manus
1391 2699 1582 2755 ponatur

651 2842 659 2861 ³
677 2841 835 2884 calefieri]
861 2842 1022 2882 caleferri,
1039 2843 1112 2876 MS.
