1964 3259
210 243 312 299 vu]
748 255 862 288 opus
893 255 1102 288 mmmm,
1553 248 1607 289 23

211 373 358 412 tamen
399 371 517 413 dicat
548 372 664 428 quod
695 371 788 414 haec
817 385 909 413 non
938 371 1183 427 intelligam
1214 371 1300 413 nisi
1331 372 1463 414 sciam
1494 376 1605 417 trac-

210 441 331 480 tatus
375 438 550 494 plenos:
594 440 843 495 respondeo,
876 439 994 495 quod
1030 439 1231 481 similiter
1260 440 1366 482 nec1
1400 455 1472 482 eos
1514 443 1606 484 sine

210 506 290 548 hoc
326 510 528 549 tractatu.
612 507 671 548 Et
707 507 861 549 melius
898 510 965 549 est
995 507 1042 548 in
1072 507 1220 564 paucis
1261 507 1470 558 laborare,
1504 509 1607 551 licet

211 589 309 616 cum
340 575 596 617 difficultate
637 574 795 630 aliqua,
829 588 963 630 quam
1005 574 1054 616 in
1096 575 1258 617 multis.
1319 575 1469 631 Atque
1500 577 1608 618 satis

209 646 354 698 potest
384 640 542 684 homo²
572 641 643 684 hic
672 642 833 693 videre,
868 642 1103 685 dummodo
1124 643 1336 685 veritates
1366 644 1610 700 propositas

208 710 397 766 recipiat,
430 724 528 765 quae
569 713 673 751 sunt
714 710 819 751 satis
858 709 1165 767 intelligibiles,
1197 710 1301 753 licet
1341 725 1431 753 non
1461 725 1609 754 omnes

208 778 486 833 probationes
507 777 598 819 sint
618 777 684 820 ita
703 777 848 820 faciles
864 794 874 831 3
904 779 979 820 sed
1004 781 1187 835 possunt
1217 779 1271 821 de
1299 779 1416 821 facili
1437 781 1607 836 exponi,

208 849 254 887 et
288 844 417 887 citius
451 845 616 887 centies
653 859 784 900 quam
821 845 981 902 scripta
1022 846 1280 903 principalia
1317 847 1370 890 de
1407 848 1606 903 qualibet

206 912 398 954 scientia.
459 911 544 954 Pro
587 915 704 954 certo
748 912 886 956 audeo
929 927 1127 966 asserere,
1161 915 1277 970 quod
1321 930 1419 957 cum
1450 915 1607 958 tanta3

206 979 461 1023 difficultate
491 980 619 1022 istius
646 983 862 1023 tractatus
892 982 1151 1037 praeambuli
1172 986 1327 1039 reputo
1357 998 1428 1025 me
1458 983 1606 1027 secisse

206 1048 303 1104 plus
344 1049 401 1091 ob
443 1048 732 1091 reverentiam
763 1052 965 1100 vestram,
999 1064 1132 1105 quam
1175 1051 1212 1092 si
1254 1051 1530 1094 tradidissem
1560 1053 1607 1094 in

205 1116 377 1172 scriptis
419 1115 736 1172 principalibus
781 1120 923 1159 totam
958 1119 1289 1174 grammaticam
1336 1119 1606 1172 Latinorum,

204 1187 250 1226 et
275 1184 472 1241 logicam,
493 1187 539 1226 et
559 1185 804 1227 naturalem
832 1185 1160 1242 philosophiam,
1184 1189 1230 1229 et
1250 1188 1604 1243 metaphysicam,

205 1255 250 1294 et
293 1251 520 1294 alkimiam
564 1252 907 1309 51)6611111111711111,4
953 1258 998 1296 et
1042 1258 1229 1310 quatuor
1272 1256 1604 1298 mathematicas

205 1321 504 1375 speculativas
551 1335 642 1362 non
700 1321 798 1363 dico
852 1322 1094 1377 practicas3
1160 1322 1263 1378 quia
1313 1323 1406 1365 haec
1457 1325 1605 1365 omnia

204 1387 370 1429 nullam
415 1388 784 1444 comparationem
830 1387 996 1431 habent
1040 1394 1238 1446 respectu
1283 1390 1462 1433 eorum⁵
1507 1406 1604 1447 quae

202 1456 363 1511 scripsi,
396 1470 476 1498 nec
518 1458 701 1512 possunt
742 1456 841 1498 sciri
878 1457 972 1499 sine
1023 1458 1094 1510 eis,
1139 1456 1282 1500 51611116
1328 1459 1465 1514 probo
1512 1460 1601 1501 evi-

203 1523 365 1564 denter.
417 1523 478 1565 Et
509 1523 606 1565 ideo
638 1537 807 1566 summe
837 1525 1126 1567 necessarium
1157 1528 1312 1582 reputo
1342 1526 1460 1568 hunc
1490 1529 1602 1569 trac-

201 1593 357 1642 tatum,
416 1590 511 1633 sine
554 1599 640 1647 quo
684 1590 797 1633 nihil
839 1594 986 1647 potest
1027 1591 1123 1635 fieri
1166 1593 1213 1635 in
1256 1593 1601 1637 consideratione

202 1657 437 1714 sapientiae.

768 1882 874 1927 CAP.
908 1881 1038 1925 VIII.

259 2008 518 2050 PRAETEREA
549 2011 707 2063 quarta
736 2008 849 2050 ratio
880 2010 948 2050 6511
989 2021 1123 2063 quare
1155 2011 1326 2065 oportet
1356 2012 1595 2052 tractatum
1613 2011 1695 2064 ᾼΠᾶ
1706 2024 1741 2048 as
1755 2022 1819 2051 set-

200 2075 293 2117 fieri
339 2076 665 2132 praeambulum,
713 2079 765 2117 ut
809 2090 898 2117 non
944 2076 1084 2118 solum
1126 2091 1204 2132 per
1246 2078 1338 2133 ejus
1380 2078 1594 2120 rationem
1612 2059 1792 2137 {ffigogssss'gh

198 2147 359 2199 pateat,
393 2145 508 2199 quod
540 2158 629 2186 non
660 2146 726 2186 est
756 2143 960 2199 possibile
992 2144 1092 2186 dare
1124 2145 1351 2187 volumina
1381 2147 1594 2201 completa
1612 2148 1678 2179 eles
1694 2150 1804 2182 which

198 2213 250 2254 de
271 2212 475 2264 scientiis,
492 2213 567 2254 sed
591 2226 667 2268 per
691 2211 932 2267 capitulum
953 2211 1145 2268 speciale,
1169 2213 1286 2268 quod
1306 2213 1440 2256 habet
1459 2213 1592 2256 inseri
1611 2197 1795 2269 ἒξᾶξὲθῗξῃῖ

196 2281 242 2321 in
273 2281 355 2322 hoc
384 2283 606 2331 tractatu3
637 2283 682 2321 et
713 2279 802 2321 est⁷
831 2279 959 2335 hujus
989 2281 1169 2336 capituli
1189 2282 1377 2323 intentio
1397 2283 1590 2325 revelare
1606 2280 1662 2313 the
1672 2292 1747 2325 way
1757 2283 1819 2316 ofa

196 2347 353 2403 quibus
383 2347 643 2397 hominibus
687 2350 732 2389 et
773 2346 930 2403 quibus
972 2348 1184 2403 operibus,
1218 2352 1263 2391 et
1294 2350 1452 2405 quibus
1483 2365 1590 2392 aux—
1609 2336 1700 2412 ἓξὲξ
1712 2339 1807 2406 ἓξὲξ

196 2415 294 2468 11115,
327 2418 371 2458 611
413 2415 572 2471 quibus
614 2415 814 2471 expensis
850 2415 1012 2457 habeat
1047 2416 1141 2458 fieri
1183 2417 1393 2474 scriptum
1433 2419 1591 2475 princi-
1610 2414 1808 2507 ἓῇἓεῐέρῇἵ

239 2626 246 2644 ¹
264 2624 338 2668 ⁷³⁶⁶]
363 2635 479 2668 neque,
493 2624 533 2658 L·
927 2626 1035 2658 cinam
1080 2626 1326 2668 speculativam,
1367 2628 1406 2661 B.
1440 2629 1522 2663 adds
1559 2630 1593 2662 in

237 2696 249 2713 ²
259 2699 363 2736 potest
376 2694 479 2737 homo]
505 2695 605 2727 homo
616 2698 731 2737 potest,
748 2695 786 2727 L.
925 2688 1031 2750 mfssrg·
1149 2732 1156 2737 Ι

239 2764 250 2781 2³
267 2763 375 2806 tanta]
401 2768 478 2803 tota,
493 2763 532 2796 B.
548 2763 588 2797 L.
603 2763 646 2798 U.
971 2785 982 2802 ⁶
994 2732 1304 2826 ZZZffdug’PEm-mi,
1321 2732 1360 2767 L.
1377 2732 1415 2766 T.

238 2834 249 2850 ⁴
265 2831 424 2865 alhimiam
439 2832 683 2876 speculativam]
705 2839 737 2867 et
751 2833 853 2868 medi-
969 2838 979 2853 ⁷
996 2842 1026 2869 et
1042 2837 1105 2879 est]
1125 2842 1173 2872 est
1185 2843 1226 2876 et,
1243 2838 1279 2870 L.
