1964 3259
215 260 334 316 v111.]
659 269 964 303 COMPENDIUM
995 270 1162 303 srUDH.
1525 263 1608 301 485

213 402 321 436 cum,
346 389 504 442 praeter
537 386 673 428 LXX.
701 386 970 441 interpretes,
1002 386 1078 440 qui
1108 387 1272 441 lepores
1302 385 1512 426 dixerunt
1529 400 1538 435 3
1568 389 1612 427 et

212 458 360 496 tamen
402 454 588 496 Latinus
640 455 852 510 interpres
895 454 1061 509 primus
1108 453 1234 509 ponit
1281 453 1521 494 herinacios
1567 454 1613 494 111

215 523 374 564 Latino
406 537 482 578 per
513 536 712 573 errorem,
751 522 863 563 sicut
895 521 1028 563 LXX.
1077 524 1331 563 erraverunt
1372 521 1416 561 in
1459 520 1613 576 lepore.

216 589 332 632 Nam
385 590 681 646 Hieronymus
732 589 839 631 dicit
890 589 938 630 in
981 589 1056 630 illa
1108 590 1370 631 correctione
1415 588 1615 630 Psalterii

214 658 331 712 quod
379 661 444 699 est
490 657 652 699 animal
701 657 841 699 simile
886 671 986 698 urso
1033 660 1078 699 et
1121 658 1245 709 muri,
1294 656 1408 712 quod
1451 656 1500 697 in
1547 672 1616 698 ca-

213 726 357 766 vernis
409 729 630 781 petrarum
676 725 860 766 habitat.
939 725 1151 766 Similiter
1203 728 1247 766 et
1298 724 1520 766 cuniculus
1568 725 1616 765 in

213 792 350 834 foveis
392 793 565 834 habitat
611 793 803 848 petrosis.
865 792 924 833 Et
965 792 1061 833 ideo
1108 791 1386 847 chirogrillon
1432 791 1478 832 in
1509 807 1614 834 xxx,

217 860 325 914 [26]
391 860 515 901 Prov.
570 864 635 901 est
697 859 932 909 cuniculus,
986 859 1088 901 licet
1140 859 1322 914 antiqua
1383 859 1615 900 translatio

214 927 374 968 Latina
424 927 617 982 posuerit
678 927 842 983 lepores
904 941 980 982 per
1042 941 1240 976 errorem,
1295 927 1410 981 quod
1461 927 1615 968 beatus

214 994 513 1049 Hieronymus
542 994 708 1036 dimisit
740 998 864 1046 stare,
898 995 1009 1036 sicut
1040 994 1088 1035 in
1110 994 1319 1036 Psalmis¹
1354 994 1539 1036 hericiis
1569 995 1616 1036 in

211 1076 288 1103 sua
339 1062 637 1113 translatione,
691 1065 736 1104 et
776 1062 952 1104 infinita
1002 1062 1099 1112 alia,
1143 1077 1196 1104 ne
1248 1063 1446 1104 turbaret
1488 1063 1615 1104 00010-

212 1130 321 1171 siam
364 1131 503 1172 nimia
542 1131 754 1172 novitate.
835 1130 951 1181 Quia
1003 1130 1118 1171 enim
1171 1133 1349 1171 vocatus
1395 1130 1480 1171 fuit
1526 1145 1615 1171 cor-

212 1200 367 1253 ruptor
398 1197 723 1253 Scripturarum
765 1200 942 1253 propter
983 1212 1146 1239 errores
1189 1212 1295 1253 quos
1336 1198 1615 1253 reprehendit

212 1265 259 1305 in
292 1266 581 1307 translatione
612 1266 821 1321 Vulgata3
863 1265 971 1315 ideo,
1006 1269 1057 1307 ut
1094 1265 1185 1321 11150
1220 1265 1336 1315 dicit,
1370 1265 1509 1306 multa
1550 1265 1616 1306 di-

212 1333 334 1374 misit
370 1336 487 1374 stare
530 1336 581 1374 ut
613 1333 800 1384 fuerant,
847 1347 925 1374 nec
972 1332 1115 1374 voluit
1157 1347 1336 1374 manum
1379 1333 1615 1374 extendere

212 1400 269 1441 ad
310 1400 483 1456 singula
529 1400 810 1456 corrigenda3
863 1400 979 1454 quod
1026 1399 1373 1441 manifestissime
1414 1404 1537 1456 patet
1568 1401 1616 1441 in

212 1468 424 1510 Psalterio
455 1468 532 1510 ubi
578 1468 626 1510 in
666 1467 932 1510 correctione
977 1467 1112 1517 docet,
1149 1468 1266 1522 quod
1300 1467 1409 1508 illud
1453 1468 1617 1509 animal

211 1539 278 1577 est
339 1536 478 1577 simile
524 1550 624 1577 urso
668 1539 712 1577 et
764 1535 888 1585 muri,
947 1535 1051 1576 licet
1101 1535 1149 1575 in
1200 1550 1278 1576 sua
1329 1535 1616 1576 translatione

211 1604 405 1659 posuerit
450 1602 637 1645 hericiis
685 1617 760 1644 seu
811 1601 1076 1652 herinaciis,
1124 1602 1236 1643 sicut
1279 1617 1384 1643 usus
1430 1603 1616 1645 ecclesiae

212 1671 367 1712 habuit
408 1685 464 1712 ex
503 1670 637 1726 priori
678 1670 978 1711 translatione,
1062 1669 1296 1712 Possumus
1336 1685 1439 1712 vero
1491 1671 1618 1713 aliter

210 1739 350 1781 locum
371 1738 506 1780 istum
527 1738 714 1795 glossare
736 1738 928 1780 docendo
959 1738 1196 1779 secundum
1218 1738 1409 1779 Plinium
1424 1738 1440 1761 2
1462 1742 1616 1781 octavo

210 1807 333 1856 libro,
367 1806 484 1861 quod
515 1806 632 1862 apud
662 1806 868 1861 antiquos
899 1820 1059 1847 nomen
1090 1806 1247 1861 leporis
1280 1809 1346 1847 est
1377 1821 1614 1857 commune,

211 1878 256 1915 et
287 1874 421 1915 habet
452 1873 625 1914 diversa
656 1888 826 1929 genera,
859 1887 1043 1927 quorum
1078 1873 1300 1914 cuniculus
1341 1888 1479 1914 unum
1519 1879 1616 1926 est3

214 1942 316 1996 quia
348 1941 587 1983 secundum
623 1941 852 1982 veritatem
887 1940 1009 1996 lepus
1041 1940 1213 1996 proprie
1251 1941 1392 1982 dictus
1424 1945 1468 1982 et
1498 1942 1618 1983 011111-

213 2010 343 2060 culus,
386 2012 489 2050 sunt
521 2008 680 2050 similia
724 2007 931 2048 animalia
962 2007 1101 2058 valde,
1137 2011 1182 2049 et
1213 2008 1260 2048 in
1301 2008 1451 2059 colore,
1485 2012 1529 2051 et
1570 2011 1617 2050 in

214 2076 474 2131 quantitate,
508 2078 553 2117 et
584 2076 736 2131 figura,
770 2079 814 2116 et
847 2078 1018 2125 natura,
1063 2075 1166 2130 quia
1197 2075 1355 2117 timida
1386 2079 1489 2117 sunt
1521 2077 1616 2118 ani-

213 2144 355 2195 malia,
399 2146 444 2184 et
480 2143 642 2184 multas
685 2142 1008 2184 communicant
1053 2143 1340 2198 proprietates
1381 2145 1614 2197 naturales,

212 2215 257 2253 et
298 2212 396 2253 ideo
441 2211 523 2252 sub
572 2225 661 2252 uno
704 2210 880 2252 nomine
922 2210 1114 2265 generali
1171 2211 1453 2252 continentur
1495 2212 1614 2267 apud

213 2278 427 2334 antiquos²
472 2278 587 2333 quod
628 2280 694 2319 est
733 2278 865 2334 lepus.
936 2277 995 2319 Et
1036 2277 1133 2319 ideo
1174 2277 1390 2319 tricesimo
1432 2278 1614 2321 Prover-

213 2347 386 2388 biorum
415 2349 559 2401 potest
591 2345 672 2387 sub
702 2360 790 2387 uno
822 2345 998 2387 nomine
1035 2345 1193 2401 leporis
1227 2346 1451 2387 cuniculus
1486 2347 1614 2388 intel-

210 2415 300 2470 ligi,
337 2429 435 2456 cum
469 2416 618 2455 tamen
652 2413 815 2454 ibidem
848 2414 895 2454 in
933 2413 1080 2455 Graeco
1117 2414 1423 2470 correspondet
1455 2429 1614 2457 nomen

210 2482 549 2539 appropriatum,
583 2481 746 2523 scilicet
775 2481 1063 2538 chirogrillon.

271 2549 357 2591 Sed
387 2549 526 2604 major
557 2548 789 2591 difficultas
821 2552 887 2591 est
923 2549 976 2591 de
1006 2550 1286 2605 nycticorace.
1346 2550 1463 2592 Nam
1484 2549 1610 2592 Brito
1628 2559 1747 2601 Nycti-

210 2617 397 2659 mendax
428 2617 656 2659 confirmat
691 2632 814 2659 suam
845 2617 1093 2672 opinionem
1123 2632 1200 2673 per
1231 2618 1462 2668 Isidorum,
1495 2632 1597 2673 quot
1628 2614 1738 2637 corax.

254 2833 262 2852 ¹
280 2832 437 2875 Psalmis]
464 2833 531 2865 ciii.
552 2836 602 2865 18.
844 2833 850 2876 Ι
927 2834 938 2852 ²
952 2832 1112 2874 Plinium]
1132 2833 1174 2865 N.
1192 2833 1236 2866 H.
1254 2833 1324 2866 viii.
1338 2837 1389 2866 81.
