<?xml version="1.0" encoding="UTF-8"?>
<!DOCTYPE html PUBLIC "-//W3C//DTD XHTML 1.0 Transitional//EN"
    "http://www.w3.org/TR/xhtml1/DTD/xhtml1-transitional.dtd">
<html xmlns="http://www.w3.org/1999/xhtml" xml:lang="en" lang="en">
 <head>
  <title>
</title>
<meta http-equiv="Content-Type" content="text/html;charset=utf-8" />
  <meta name='ocr-system' content='tesseract 3.04.00' />
  <meta name='ocr-capabilities' content='ocr_page ocr_carea ocr_par ocr_line ocrx_word'/>
</head>
<body>
  <div class='ocr_page' id='page_1' title='image "./frrogeribaconope00baco_0629.png"; bbox 0 0 1964 3259; ppageno 0'>
   <div class='ocr_carea' id='block_1_1' title="bbox 174 250 1577 306">
    <p class='ocr_par' dir='ltr' id='par_1_1' title="bbox 174 250 1577 306">
     <span class='ocr_line' id='line_1_1' title="bbox 174 250 1577 306; baseline 0.004 -14"><span class='ocrx_word' id='word_1_1' title='bbox 174 250 255 306; x_wconf 78' lang='lat' dir='ltr'>XL]</span> <span class='ocrx_word' id='word_1_2' title='bbox 622 262 928 294; x_wconf 75' lang='lat' dir='ltr'>coMPENDIUM</span> <span class='ocrx_word' id='word_1_3' title='bbox 961 263 1130 294; x_wconf 73' lang='lat' dir='ltr'>srunn.</span> <span class='ocrx_word' id='word_1_4' title='bbox 1494 259 1516 297; x_wconf 85' lang='lat'>5</span> <span class='ocrx_word' id='word_1_5' title='bbox 1525 259 1544 297; x_wconf 89' lang='lat'>1</span> <span class='ocrx_word' id='word_1_6' title='bbox 1554 259 1577 298; x_wconf 82' lang='lat'><strong><em>5</em></strong></span> 
     </span>
    </p>
   </div>
   <div class='ocr_carea' id='block_1_2' title="bbox 164 377 1579 2215">
    <p class='ocr_par' dir='ltr' id='par_1_2' title="bbox 164 377 1579 2215">
     <span class='ocr_line' id='line_1_2' title="bbox 171 377 1578 438; baseline 0.005 -20"><span class='ocrx_word' id='word_1_7' title='bbox 171 377 292 433; x_wconf 88' lang='lat' dir='ltr'>cujus</span> <span class='ocrx_word' id='word_1_8' title='bbox 354 382 420 421; x_wconf 83' lang='lat' dir='ltr'>est</span> <span class='ocrx_word' id='word_1_9' title='bbox 470 380 546 421; x_wconf 89' lang='lat' dir='ltr'>illa</span> <span class='ocrx_word' id='word_1_10' title='bbox 597 379 756 421; x_wconf 84' lang='lat' dir='ltr'>vocalis</span> <span class='ocrx_word' id='word_1_11' title='bbox 808 394 905 436; x_wconf 76' lang='lat' dir='ltr'>quae</span> <span class='ocrx_word' id='word_1_12' title='bbox 957 380 1087 422; x_wconf 86' lang='lat' dir='ltr'>deest.</span> <span class='ocrx_word' id='word_1_13' title='bbox 1167 380 1386 432; x_wconf 76' lang='lat' dir='ltr'>Quoniam</span> <span class='ocrx_word' id='word_1_14' title='bbox 1437 384 1578 438; x_wconf 84' lang='lat' dir='ltr'>prima</span> 
     </span>
     <span class='ocr_line' id='line_1_3' title="bbox 170 446 1579 505; baseline 0.005 -19"><span class='ocrx_word' id='word_1_15' title='bbox 170 446 298 502; x_wconf 86' lang='lat' dir='ltr'>hujus</span> <span class='ocrx_word' id='word_1_16' title='bbox 343 448 546 490; x_wconf 87' lang='lat' dir='ltr'>dictionis</span> <span class='ocrx_word' id='word_1_17' title='bbox 589 447 740 491; x_wconf 67' lang='lat' dir='ltr'>himas</span> <span class='ocrx_word' id='word_1_18' title='bbox 786 449 919 504; x_wconf 78' lang='grc' dir='ltr'>(ἡμᾶς)</span> <span class='ocrx_word' id='word_1_19' title='bbox 963 450 1195 505; x_wconf 86' lang='lat' dir='ltr'>aspiratur,</span> <span class='ocrx_word' id='word_1_20' title='bbox 1239 449 1337 490; x_wconf 89' lang='lat' dir='ltr'>ideo</span> <span class='ocrx_word' id='word_1_21' title='bbox 1378 455 1579 493; x_wconf 85' lang='lat' dir='ltr'>mutatur</span> 
     </span>
     <span class='ocr_line' id='line_1_4' title="bbox 164 514 1575 576; baseline 0.004 -20"><span class='ocrx_word' id='word_1_22' title='bbox 164 514 222 570; x_wconf 62' lang='lat' dir='ltr'>pi</span> <span class='ocrx_word' id='word_1_23' title='bbox 253 516 300 557; x_wconf 90' lang='lat' dir='ltr'>in</span> <span class='ocrx_word' id='word_1_24' title='bbox 326 516 424 572; x_wconf 68' lang='lat' dir='ltr'>phi,</span> <span class='ocrx_word' id='word_1_25' title='bbox 449 521 493 559; x_wconf 89' lang='lat' dir='ltr'>et</span> <span class='ocrx_word' id='word_1_26' title='bbox 514 517 672 559; x_wconf 86' lang='lat' dir='ltr'>dicitur</span> <span class='ocrx_word' id='word_1_27' title='bbox 703 516 907 572; x_wconf 67' lang='lat' dir='ltr'>ephimas</span> <span class='ocrx_word' id='word_1_28' title='bbox 929 517 1005 574; x_wconf 77' lang='grc' dir='ltr'>(ἐφ’</span> <span class='ocrx_word' id='word_1_29' title='bbox 1036 517 1168 573; x_wconf 76' lang='grc' dir='ltr'>ἡμᾶς).</span> <span class='ocrx_word' id='word_1_30' title='bbox 1224 517 1283 559; x_wconf 88' lang='lat' dir='ltr'>Et</span> <span class='ocrx_word' id='word_1_31' title='bbox 1314 521 1575 576; x_wconf 87' lang='lat' dir='ltr'>apostrophe</span> 
     </span>
     <span class='ocr_line' id='line_1_5' title="bbox 169 585 1572 644; baseline 0.005 -20"><span class='ocrx_word' id='word_1_32' title='bbox 169 598 257 625; x_wconf 89' lang='lat' dir='ltr'>non</span> <span class='ocrx_word' id='word_1_33' title='bbox 288 586 426 627; x_wconf 88' lang='lat' dir='ltr'>solum</span> <span class='ocrx_word' id='word_1_34' title='bbox 457 586 573 627; x_wconf 77' lang='lat' dir='ltr'>tollit</span> <span class='ocrx_word' id='word_1_35' title='bbox 604 585 700 628; x_wconf 71' lang='lat' dir='ltr'>iota</span> <span class='ocrx_word' id='word_1_36' title='bbox 730 587 934 636; x_wconf 86' lang='lat' dir='ltr'>vocalem,</span> <span class='ocrx_word' id='word_1_37' title='bbox 962 587 1035 628; x_wconf 82' lang='lat' dir='ltr'>sed</span> <span class='ocrx_word' id='word_1_38' title='bbox 1068 586 1174 627; x_wconf 85' lang='lat' dir='ltr'>alias</span> <span class='ocrx_word' id='word_1_39' title='bbox 1206 589 1306 639; x_wconf 84' lang='lat' dir='ltr'>tres,</span> <span class='ocrx_word' id='word_1_40' title='bbox 1340 590 1391 629; x_wconf 88' lang='lat' dir='ltr'>ut</span> <span class='ocrx_word' id='word_1_41' title='bbox 1423 588 1572 644; x_wconf 69' lang='lat' dir='ltr'>alpha,</span> 
     </span>
     <span class='ocr_line' id='line_1_6' title="bbox 168 653 1575 711; baseline 0.004 -17"><span class='ocrx_word' id='word_1_42' title='bbox 168 655 213 694; x_wconf 88' lang='lat' dir='ltr'>et</span> <span class='ocrx_word' id='word_1_43' title='bbox 261 667 293 705; x_wconf 80' lang='lat' dir='ltr'>c,</span> <span class='ocrx_word' id='word_1_44' title='bbox 335 657 380 696; x_wconf 90' lang='lat' dir='ltr'>et</span> <span class='ocrx_word' id='word_1_45' title='bbox 426 653 641 706; x_wconf 48' lang='lat' dir='ltr'>omicron,</span> <span class='ocrx_word' id='word_1_46' title='bbox 674 655 784 696; x_wconf 88' lang='lat' dir='ltr'>sicut</span> <span class='ocrx_word' id='word_1_47' title='bbox 831 655 983 696; x_wconf 89' lang='lat' dir='ltr'>dicunt</span> <span class='ocrx_word' id='word_1_48' title='bbox 1035 658 1233 696; x_wconf 86' lang='lat' dir='ltr'>auctores</span> <span class='ocrx_word' id='word_1_49' title='bbox 1277 657 1575 711; x_wconf 60' lang='lat' dir='ltr'>grammaticae</span> 
     </span>
     <span class='ocr_line' id='line_1_7' title="bbox 170 722 1577 779; baseline 0.003 -16"><span class='ocrx_word' id='word_1_50' title='bbox 170 722 341 764; x_wconf 64' lang='lat' dir='ltr'>Grzec‘ee.</span> <span class='ocrx_word' id='word_1_51' title='bbox 406 723 463 764; x_wconf 90' lang='lat' dir='ltr'>Et</span> <span class='ocrx_word' id='word_1_52' title='bbox 505 723 753 765; x_wconf 76' lang='lat' dir='ltr'>invenimus</span> <span class='ocrx_word' id='word_1_53' title='bbox 796 723 843 764; x_wconf 93' lang='lat' dir='ltr'>in</span> <span class='ocrx_word' id='word_1_54' title='bbox 887 723 1100 779; x_wconf 82' lang='lat' dir='ltr'>scriptura</span> <span class='ocrx_word' id='word_1_55' title='bbox 1132 723 1283 765; x_wconf 72' lang='lat' dir='ltr'>Graeca</span> <span class='ocrx_word' id='word_1_56' title='bbox 1326 724 1420 766; x_wconf 90' lang='lat' dir='ltr'>fieri</span> <span class='ocrx_word' id='word_1_57' title='bbox 1458 726 1577 767; x_wconf 81' lang='lat' dir='ltr'>abla-</span> 
     </span>
     <span class='ocr_line' id='line_1_8' title="bbox 168 791 1576 850; baseline 0.001 -18"><span class='ocrx_word' id='word_1_58' title='bbox 168 791 308 833; x_wconf 83' lang='lat' dir='ltr'>tiones</span> <span class='ocrx_word' id='word_1_59' title='bbox 338 791 522 833; x_wconf 89' lang='lat' dir='ltr'>istarum</span> <span class='ocrx_word' id='word_1_60' title='bbox 564 792 789 833; x_wconf 89' lang='lat' dir='ltr'>literarum</span> <span class='ocrx_word' id='word_1_61' title='bbox 824 795 1036 847; x_wconf 74' lang='lat' dir='ltr'>quatuor-3</span> <span class='ocrx_word' id='word_1_62' title='bbox 1079 794 1130 833; x_wconf 91' lang='lat' dir='ltr'>ut</span> <span class='ocrx_word' id='word_1_63' title='bbox 1162 806 1259 833; x_wconf 87' lang='lat' dir='ltr'>cum</span> <span class='ocrx_word' id='word_1_64' title='bbox 1293 792 1392 834; x_wconf 68' lang='lat' dir='ltr'>cella</span> <span class='ocrx_word' id='word_1_65' title='bbox 1423 792 1576 850; x_wconf 63' lang='grc' dir='ltr'>(ἀλλὰ)</span> 
     </span>
     <span class='ocr_line' id='line_1_9' title="bbox 167 859 1578 915; baseline 0.003 -16"><span class='ocrx_word' id='word_1_66' title='bbox 167 860 226 900; x_wconf 86' lang='lat' dir='ltr'>sit</span> <span class='ocrx_word' id='word_1_67' title='bbox 255 859 342 910; x_wconf 77' lang='lat' dir='ltr'>sed,</span> <span class='ocrx_word' id='word_1_68' title='bbox 375 863 419 901; x_wconf 89' lang='lat' dir='ltr'>et</span> <span class='ocrx_word' id='word_1_69' title='bbox 451 874 510 900; x_wconf 66' lang='lat'>02⁶</span> <span class='ocrx_word' id='word_1_70' title='bbox 546 862 624 915; x_wconf 76' lang='grc' dir='ltr'>(οὐ)</span> <span class='ocrx_word' id='word_1_71' title='bbox 659 860 718 901; x_wconf 89' lang='lat' dir='ltr'>sit</span> <span class='ocrx_word' id='word_1_72' title='bbox 748 874 836 901; x_wconf 91' lang='lat' dir='ltr'>non</span> <span class='ocrx_word' id='word_1_73' title='bbox 854 877 863 912; x_wconf 93' lang='lat'>;</span> <span class='ocrx_word' id='word_1_74' title='bbox 908 861 1082 915; x_wconf 86' lang='lat' dir='ltr'>quando</span> <span class='ocrx_word' id='word_1_75' title='bbox 1120 859 1251 901; x_wconf 88' lang='lat' dir='ltr'>simul</span> <span class='ocrx_word' id='word_1_76' title='bbox 1284 860 1578 903; x_wconf 81' lang='lat' dir='ltr'>inveniuntur</span> 
     </span>
     <span class='ocr_line' id='line_1_10' title="bbox 167 927 1576 986; baseline 0.002 -18"><span class='ocrx_word' id='word_1_77' title='bbox 167 927 262 970; x_wconf 71' lang='lat' dir='ltr'>istae</span> <span class='ocrx_word' id='word_1_78' title='bbox 304 927 516 968; x_wconf 87' lang='lat' dir='ltr'>dictiones</span> <span class='ocrx_word' id='word_1_79' title='bbox 559 928 810 969; x_wconf 79' lang='lat' dir='ltr'>scribuntur</span> <span class='ocrx_word' id='word_1_80' title='bbox 840 928 1029 970; x_wconf 87' lang='lat' dir='ltr'>libenter</span> <span class='ocrx_word' id='word_1_81' title='bbox 1075 943 1152 985; x_wconf 87' lang='lat' dir='ltr'>per</span> <span class='ocrx_word' id='word_1_82' title='bbox 1184 929 1481 986; x_wconf 68' lang='lat' dir='ltr'>apostrophen</span> <span class='ocrx_word' id='word_1_83' title='bbox 1526 945 1576 972; x_wconf 87' lang='lat' dir='ltr'>ac</span> 
     </span>
     <span class='ocr_line' id='line_1_11' title="bbox 166 995 1575 1054; baseline 0.001 -17"><span class='ocrx_word' id='word_1_84' title='bbox 166 996 200 1037; x_wconf 87' lang='lat' dir='ltr'>si</span> <span class='ocrx_word' id='word_1_85' title='bbox 233 999 375 1037; x_wconf 88' lang='lat' dir='ltr'>essent</span> <span class='ocrx_word' id='word_1_86' title='bbox 411 1010 500 1037; x_wconf 88' lang='lat' dir='ltr'>una</span> <span class='ocrx_word' id='word_1_87' title='bbox 531 995 678 1047; x_wconf 78' lang='lat' dir='ltr'>dictio,</span> <span class='ocrx_word' id='word_1_88' title='bbox 703 996 815 1038; x_wconf 87' lang='lat' dir='ltr'>sicut</span> <span class='ocrx_word' id='word_1_89' title='bbox 850 997 964 1051; x_wconf 74' lang='grc' dir='ltr'>(ἀλλ’</span> <span class='ocrx_word' id='word_1_90' title='bbox 997 999 1066 1053; x_wconf 77' lang='grc' dir='ltr'>οὐ),</span> <span class='ocrx_word' id='word_1_91' title='bbox 1102 1001 1282 1054; x_wconf 87' lang='lat' dir='ltr'>propter</span> <span class='ocrx_word' id='word_1_92' title='bbox 1310 998 1575 1040; x_wconf 87' lang='lat' dir='ltr'>brevitatem</span> 
     </span>
     <span class='ocr_line' id='line_1_12' title="bbox 166 1064 1574 1122; baseline 0.004 -17"><span class='ocrx_word' id='word_1_93' title='bbox 166 1064 412 1106; x_wconf 87' lang='lat' dir='ltr'>auferentes</span> <span class='ocrx_word' id='word_1_94' title='bbox 443 1064 646 1105; x_wconf 85' lang='lat' dir='ltr'>ultimam</span> <span class='ocrx_word' id='word_1_95' title='bbox 678 1066 873 1107; x_wconf 88' lang='lat' dir='ltr'>vocalem</span> <span class='ocrx_word' id='word_1_96' title='bbox 905 1065 1036 1121; x_wconf 87' lang='lat' dir='ltr'>hujus</span> <span class='ocrx_word' id='word_1_97' title='bbox 1059 1066 1266 1108; x_wconf 86' lang='lat' dir='ltr'>dictionis</span> <span class='ocrx_word' id='word_1_98' title='bbox 1298 1065 1394 1109; x_wconf 67' lang='lat' dir='ltr'>alla,</span> <span class='ocrx_word' id='word_1_99' title='bbox 1418 1067 1574 1122; x_wconf 62' lang='grc' dir='ltr'>(ἀλλὰ),</span> 
     </span>
     <span class='ocr_line' id='line_1_13' title="bbox 167 1133 1576 1191; baseline 0.003 -18"><span class='ocrx_word' id='word_1_100' title='bbox 167 1133 283 1188; x_wconf 86' lang='lat' dir='ltr'>quod</span> <span class='ocrx_word' id='word_1_101' title='bbox 327 1133 561 1189; x_wconf 78' lang='lat' dir='ltr'>designant</span> <span class='ocrx_word' id='word_1_102' title='bbox 602 1148 679 1189; x_wconf 86' lang='lat' dir='ltr'>per</span> <span class='ocrx_word' id='word_1_103' title='bbox 721 1137 891 1189; x_wconf 84' lang='lat' dir='ltr'>partem</span> <span class='ocrx_word' id='word_1_104' title='bbox 939 1135 1088 1176; x_wconf 89' lang='lat' dir='ltr'>circuli</span> <span class='ocrx_word' id='word_1_105' title='bbox 1124 1135 1338 1185; x_wconf 80' lang='lat' dir='ltr'>dextram,</span> <span class='ocrx_word' id='word_1_106' title='bbox 1373 1150 1469 1190; x_wconf 62' lang='lat' dir='ltr'>quae</span> <span class='ocrx_word' id='word_1_107' title='bbox 1501 1150 1576 1191; x_wconf 91' lang='lat' dir='ltr'>po-</span> 
     </span>
     <span class='ocr_line' id='line_1_14' title="bbox 166 1201 1572 1259; baseline 0.003 -18"><span class='ocrx_word' id='word_1_108' title='bbox 166 1201 288 1244; x_wconf 88' lang='lat' dir='ltr'>nitur</span> <span class='ocrx_word' id='word_1_109' title='bbox 318 1202 375 1243; x_wconf 90' lang='lat' dir='ltr'>ad</span> <span class='ocrx_word' id='word_1_110' title='bbox 410 1201 543 1244; x_wconf 68' lang='lat' dir='ltr'>labda</span> <span class='ocrx_word' id='word_1_111' title='bbox 573 1206 895 1253; x_wconf 68' lang='lat' dir='ltr'>consonantem,</span> <span class='ocrx_word' id='word_1_112' title='bbox 919 1203 1058 1246; x_wconf 89' lang='lat' dir='ltr'>vocali</span> <span class='ocrx_word' id='word_1_113' title='bbox 1089 1203 1246 1246; x_wconf 85' lang='lat' dir='ltr'>ablata.</span> <span class='ocrx_word' id='word_1_114' title='bbox 1323 1203 1383 1244; x_wconf 89' lang='lat' dir='ltr'>Et</span> <span class='ocrx_word' id='word_1_115' title='bbox 1414 1203 1467 1245; x_wconf 72' lang='lat' dir='ltr'>cle</span> <span class='ocrx_word' id='word_1_116' title='bbox 1497 1205 1572 1259; x_wconf 73' lang='grc' dir='ltr'>(δὲ)</span> 
     </span>
     <span class='ocr_line' id='line_1_15' title="bbox 166 1270 1575 1327; baseline 0.002 -17"><span class='ocrx_word' id='word_1_117' title='bbox 166 1270 282 1325; x_wconf 85' lang='lat' dir='ltr'>apud</span> <span class='ocrx_word' id='word_1_118' title='bbox 329 1284 410 1321; x_wconf 85' lang='lat' dir='ltr'>eos,</span> <span class='ocrx_word' id='word_1_119' title='bbox 459 1270 575 1312; x_wconf 83' lang='lat' dir='ltr'>idem</span> <span class='ocrx_word' id='word_1_120' title='bbox 628 1274 693 1312; x_wconf 86' lang='lat' dir='ltr'>est</span> <span class='ocrx_word' id='word_1_121' title='bbox 746 1272 861 1326; x_wconf 85' lang='lat' dir='ltr'>quod</span> <span class='ocrx_word' id='word_1_122' title='bbox 914 1275 1062 1313; x_wconf 86' lang='lat' dir='ltr'>autem</span> <span class='ocrx_word' id='word_1_123' title='bbox 1114 1275 1159 1314; x_wconf 88' lang='lat' dir='ltr'>et</span> <span class='ocrx_word' id='word_1_124' title='bbox 1209 1286 1325 1322; x_wconf 78' lang='lat' dir='ltr'>vero,</span> <span class='ocrx_word' id='word_1_125' title='bbox 1376 1275 1420 1313; x_wconf 84' lang='lat' dir='ltr'>et</span> <span class='ocrx_word' id='word_1_126' title='bbox 1472 1287 1575 1327; x_wconf 74' lang='lat' dir='ltr'>opos</span> 
     </span>
     <span class='ocr_line' id='line_1_16' title="bbox 166 1339 1575 1394; baseline 0.002 -15"><span class='ocrx_word' id='word_1_127' title='bbox 166 1339 561 1394; x_wconf 86' lang='lat' dir='ltr'>quemadmodum;</span> <span class='ocrx_word' id='word_1_128' title='bbox 610 1340 847 1381; x_wconf 89' lang='lat' dir='ltr'>secundum</span> <span class='ocrx_word' id='word_1_129' title='bbox 894 1354 997 1381; x_wconf 86' lang='lat' dir='ltr'>vero</span> <span class='ocrx_word' id='word_1_130' title='bbox 1044 1340 1404 1382; x_wconf 81' lang='lat' dir='ltr'>consuetudinem</span> <span class='ocrx_word' id='word_1_131' title='bbox 1451 1355 1575 1382; x_wconf 86' lang='lat' dir='ltr'>suam</span> 
     </span>
     <span class='ocr_line' id='line_1_17' title="bbox 166 1408 1574 1464; baseline 0.001 -15"><span class='ocrx_word' id='word_1_132' title='bbox 166 1412 428 1463; x_wconf 67' lang='lat' dir='ltr'>praeponunt</span> <span class='ocrx_word' id='word_1_133' title='bbox 472 1408 526 1449; x_wconf 72' lang='lat' dir='ltr'>(Ze</span> <span class='ocrx_word' id='word_1_134' title='bbox 557 1408 608 1457; x_wconf 89' lang='lat' dir='ltr'>ei,</span> <span class='ocrx_word' id='word_1_135' title='bbox 644 1408 760 1463; x_wconf 83' lang='lat' dir='ltr'>quod</span> <span class='ocrx_word' id='word_1_136' title='bbox 793 1411 859 1450; x_wconf 83' lang='lat' dir='ltr'>est</span> <span class='ocrx_word' id='word_1_137' title='bbox 891 1423 994 1464; x_wconf 72' lang='lat' dir='ltr'>opos</span> <span class='ocrx_word' id='word_1_138' title='bbox 1012 1426 1021 1461; x_wconf 89' lang='lat'>;</span> <span class='ocrx_word' id='word_1_139' title='bbox 1068 1409 1170 1451; x_wconf 90' lang='lat' dir='ltr'>licet</span> <span class='ocrx_word' id='word_1_140' title='bbox 1202 1423 1281 1450; x_wconf 87' lang='lat' dir='ltr'>nos</span> <span class='ocrx_word' id='word_1_141' title='bbox 1313 1424 1335 1450; x_wconf 90' lang='lat' dir='ltr'>e</span> <span class='ocrx_word' id='word_1_142' title='bbox 1367 1423 1574 1451; x_wconf 85' lang='lat' dir='ltr'>converso</span> 
     </span>
     <span class='ocr_line' id='line_1_18' title="bbox 166 1476 1570 1533; baseline 0.001 -16"><span class='ocrx_word' id='word_1_143' title='bbox 166 1476 348 1518; x_wconf 85' lang='lat' dir='ltr'>dicimus</span> <span class='ocrx_word' id='word_1_144' title='bbox 408 1476 773 1532; x_wconf 78' lang='lat' dir='ltr'>quemadmodum</span> <span class='ocrx_word' id='word_1_145' title='bbox 825 1480 938 1519; x_wconf 88' lang='lat' dir='ltr'>ante.</span> <span class='ocrx_word' id='word_1_146' title='bbox 1022 1477 1109 1518; x_wconf 83' lang='lat' dir='ltr'>Sed</span> <span class='ocrx_word' id='word_1_147' title='bbox 1167 1477 1250 1533; x_wconf 90' lang='lat' dir='ltr'>ipsi</span> <span class='ocrx_word' id='word_1_148' title='bbox 1298 1492 1320 1518; x_wconf 92' lang='lat' dir='ltr'>e</span> <span class='ocrx_word' id='word_1_149' title='bbox 1364 1492 1570 1519; x_wconf 86' lang='lat' dir='ltr'>converso</span> 
     </span>
     <span class='ocr_line' id='line_1_19' title="bbox 166 1544 1571 1601; baseline 0.001 -17"><span class='ocrx_word' id='word_1_150' title='bbox 166 1544 331 1595; x_wconf 88' lang='lat' dir='ltr'>dicunt,</span> <span class='ocrx_word' id='word_1_151' title='bbox 364 1548 408 1586; x_wconf 92' lang='lat' dir='ltr'>et</span> <span class='ocrx_word' id='word_1_152' title='bbox 438 1547 617 1600; x_wconf 85' lang='lat' dir='ltr'>propter</span> <span class='ocrx_word' id='word_1_153' title='bbox 648 1544 912 1586; x_wconf 85' lang='lat' dir='ltr'>brevitatem</span> <span class='ocrx_word' id='word_1_154' title='bbox 957 1545 1125 1597; x_wconf 89' lang='lat' dir='ltr'>dicunt,</span> <span class='ocrx_word' id='word_1_155' title='bbox 1158 1560 1236 1601; x_wconf 90' lang='lat' dir='ltr'>per</span> <span class='ocrx_word' id='word_1_156' title='bbox 1278 1546 1571 1601; x_wconf 84' lang='lat' dir='ltr'>apostrophen</span> 
     </span>
     <span class='ocr_line' id='line_1_20' title="bbox 167 1612 1572 1669; baseline 0.001 -16"><span class='ocrx_word' id='word_1_157' title='bbox 167 1616 290 1667; x_wconf 77' lang='lat' dir='ltr'>topos</span> <span class='ocrx_word' id='word_1_158' title='bbox 310 1612 362 1668; x_wconf 78' lang='grc' dir='ltr'>(δ’</span> <span class='ocrx_word' id='word_1_159' title='bbox 377 1612 505 1669; x_wconf 76' lang='grc' dir='ltr'>ὅπως),</span> <span class='ocrx_word' id='word_1_160' title='bbox 523 1616 791 1668; x_wconf 87' lang='lat' dir='ltr'>apponentes</span> <span class='ocrx_word' id='word_1_161' title='bbox 813 1617 976 1663; x_wconf 83' lang='lat' dir='ltr'>notam,</span> <span class='ocrx_word' id='word_1_162' title='bbox 1005 1613 1118 1655; x_wconf 85' lang='lat' dir='ltr'>sicut</span> <span class='ocrx_word' id='word_1_163' title='bbox 1139 1613 1300 1655; x_wconf 89' lang='lat' dir='ltr'>dicitur</span> <span class='ocrx_word' id='word_1_164' title='bbox 1323 1613 1370 1654; x_wconf 90' lang='lat' dir='ltr'>in</span> <span class='ocrx_word' id='word_1_165' title='bbox 1394 1613 1572 1664; x_wconf 77' lang='lat' dir='ltr'>Gallico,</span> 
     </span>
     <span class='ocr_line' id='line_1_21' title="bbox 167 1679 1575 1739; baseline 0.001 -17"><span class='ocrx_word' id='word_1_166' title='bbox 167 1679 398 1722; x_wconf 83' lang='lat' dir='ltr'>D’Orliens</span> <span class='ocrx_word' id='word_1_167' title='bbox 429 1696 507 1737; x_wconf 86' lang='lat' dir='ltr'>pro</span> <span class='ocrx_word' id='word_1_168' title='bbox 539 1682 590 1723; x_wconf 91' lang='lat' dir='ltr'>de</span> <span class='ocrx_word' id='word_1_169' title='bbox 624 1681 823 1724; x_wconf 86' lang='lat' dir='ltr'>Orliensi.</span> <span class='ocrx_word' id='word_1_170' title='bbox 878 1682 938 1723; x_wconf 91' lang='lat' dir='ltr'>Et</span> <span class='ocrx_word' id='word_1_171' title='bbox 969 1696 1056 1738; x_wconf 72' lang='lat' dir='ltr'>ypo</span> <span class='ocrx_word' id='word_1_172' title='bbox 1087 1681 1198 1739; x_wconf 73' lang='grc' dir='ltr'>(ὑπὸ)</span> <span class='ocrx_word' id='word_1_173' title='bbox 1228 1684 1294 1723; x_wconf 90' lang='lat' dir='ltr'>est</span> <span class='ocrx_word' id='word_1_174' title='bbox 1325 1683 1575 1738; x_wconf 69' lang='lat' dir='ltr'>praepositio</span> 
     </span>
     <span class='ocr_line' id='line_1_22' title="bbox 165 1749 1572 1807; baseline 0.001 -18"><span class='ocrx_word' id='word_1_175' title='bbox 165 1749 281 1790; x_wconf 89' lang='lat' dir='ltr'>idem</span> <span class='ocrx_word' id='word_1_176' title='bbox 304 1749 420 1804; x_wconf 89' lang='lat' dir='ltr'>quod</span> <span class='ocrx_word' id='word_1_177' title='bbox 442 1750 533 1800; x_wconf 84' lang='lat' dir='ltr'>suh,</span> <span class='ocrx_word' id='word_1_178' title='bbox 558 1753 602 1791; x_wconf 86' lang='lat' dir='ltr'>et</span> <span class='ocrx_word' id='word_1_179' title='bbox 632 1749 793 1792; x_wconf 67' lang='lat' dir='ltr'>hcauto</span> <span class='ocrx_word' id='word_1_180' title='bbox 825 1750 975 1807; x_wconf 72' lang='grc' dir='ltr'>(ἑαυτὸ)</span> <span class='ocrx_word' id='word_1_181' title='bbox 1009 1754 1075 1792; x_wconf 85' lang='lat' dir='ltr'>est</span> <span class='ocrx_word' id='word_1_182' title='bbox 1096 1751 1177 1792; x_wconf 91' lang='lat' dir='ltr'>hoc</span> <span class='ocrx_word' id='word_1_183' title='bbox 1198 1765 1437 1806; x_wconf 83' lang='lat' dir='ltr'>pronomen</span> <span class='ocrx_word' id='word_1_184' title='bbox 1468 1751 1572 1806; x_wconf 85' lang='lat' dir='ltr'>ipso,</span> 
     </span>
     <span class='ocr_line' id='line_1_23' title="bbox 165 1817 1575 1876; baseline 0.001 -18"><span class='ocrx_word' id='word_1_185' title='bbox 165 1817 239 1858; x_wconf 87' lang='lat' dir='ltr'>sed</span> <span class='ocrx_word' id='word_1_186' title='bbox 269 1832 347 1873; x_wconf 88' lang='lat' dir='ltr'>pro</span> <span class='ocrx_word' id='word_1_187' title='bbox 388 1832 474 1873; x_wconf 53' lang='grc' dir='ltr'>Μαι)</span> <span class='ocrx_word' id='word_1_188' title='bbox 515 1817 674 1861; x_wconf 63' lang='grc' dir='ltr'>Ῐισαυλο</span> <span class='ocrx_word' id='word_1_189' title='bbox 716 1818 805 1876; x_wconf 80' lang='grc' dir='ltr'>(ὑπὸ</span> <span class='ocrx_word' id='word_1_190' title='bbox 845 1818 988 1874; x_wconf 73' lang='grc' dir='ltr'>ἑαυτῷ)</span> <span class='ocrx_word' id='word_1_191' title='bbox 1036 1818 1232 1860; x_wconf 85' lang='lat' dir='ltr'>scribunt</span> <span class='ocrx_word' id='word_1_192' title='bbox 1272 1833 1350 1874; x_wconf 85' lang='lat' dir='ltr'>per</span> <span class='ocrx_word' id='word_1_193' title='bbox 1381 1822 1575 1874; x_wconf 86' lang='lat' dir='ltr'>apostro-</span> 
     </span>
     <span class='ocr_line' id='line_1_24' title="bbox 166 1885 1574 1943; baseline 0.002 -18"><span class='ocrx_word' id='word_1_194' title='bbox 166 1886 279 1941; x_wconf 86' lang='lat' dir='ltr'>phen</span> <span class='ocrx_word' id='word_1_195' title='bbox 311 1885 532 1941; x_wconf 68' lang='lat' dir='ltr'>yplceauto</span> <span class='ocrx_word' id='word_1_196' title='bbox 573 1886 661 1943; x_wconf 66' lang='grc' dir='ltr'>(ὑφ’</span> <span class='ocrx_word' id='word_1_197' title='bbox 700 1886 854 1943; x_wconf 74' lang='grc' dir='ltr'>ἑαυτῷ),</span> <span class='ocrx_word' id='word_1_198' title='bbox 898 1901 1024 1942; x_wconf 87' lang='lat' dir='ltr'>super</span> <span class='ocrx_word' id='word_1_199' title='bbox 1059 1887 1118 1943; x_wconf 67' lang='lat'>2272</span> <span class='ocrx_word' id='word_1_200' title='bbox 1159 1887 1332 1928; x_wconf 79' lang='lat' dir='ltr'>literam</span> <span class='ocrx_word' id='word_1_201' title='bbox 1364 1890 1574 1942; x_wconf 86' lang='lat' dir='ltr'>ponentes</span> 
     </span>
     <span class='ocr_line' id='line_1_25' title="bbox 166 1954 1574 2012; baseline 0.002 -19"><span class='ocrx_word' id='word_1_202' title='bbox 166 1956 316 1994; x_wconf 87' lang='lat' dir='ltr'>notam</span> <span class='ocrx_word' id='word_1_203' title='bbox 362 1954 630 2009; x_wconf 80' lang='lat' dir='ltr'>apostrophe.</span> <span class='ocrx_word' id='word_1_204' title='bbox 694 1954 754 1995; x_wconf 87' lang='lat' dir='ltr'>Et</span> <span class='ocrx_word' id='word_1_205' title='bbox 799 1955 901 2010; x_wconf 85' lang='lat' dir='ltr'>quia</span> <span class='ocrx_word' id='word_1_206' title='bbox 924 1955 1086 2010; x_wconf 69' lang='lat' dir='ltr'>prima</span> <span class='ocrx_word' id='word_1_207' title='bbox 1133 1955 1263 1996; x_wconf 88' lang='lat' dir='ltr'>litera</span> <span class='ocrx_word' id='word_1_208' title='bbox 1305 1955 1574 2012; x_wconf 85' lang='lat' dir='ltr'>pronominis</span> 
     </span>
     <span class='ocr_line' id='line_1_26' title="bbox 167 2021 1574 2080; baseline 0.003 -18"><span class='ocrx_word' id='word_1_209' title='bbox 167 2021 395 2077; x_wconf 83' lang='lat' dir='ltr'>aspiratur,</span> <span class='ocrx_word' id='word_1_210' title='bbox 443 2022 641 2064; x_wconf 84' lang='lat' dir='ltr'>scribunt</span> <span class='ocrx_word' id='word_1_211' title='bbox 686 2022 773 2079; x_wconf 68' lang='lat' dir='ltr'>phi</span> <span class='ocrx_word' id='word_1_212' title='bbox 825 2037 904 2079; x_wconf 89' lang='lat' dir='ltr'>pro</span> <span class='ocrx_word' id='word_1_213' title='bbox 947 2023 1014 2080; x_wconf 57' lang='grc' dir='ltr'>φὶ,</span> <span class='ocrx_word' id='word_1_214' title='bbox 1063 2026 1108 2065; x_wconf 92' lang='lat' dir='ltr'>et</span> <span class='ocrx_word' id='word_1_215' title='bbox 1155 2023 1308 2066; x_wconf 88' lang='lat' dir='ltr'>dicunt</span> <span class='ocrx_word' id='word_1_216' title='bbox 1351 2024 1574 2080; x_wconf 69' lang='lat' dir='ltr'>ypheauto</span> 
     </span>
     <span class='ocr_line' id='line_1_27' title="bbox 170 2089 1574 2150; baseline 0.004 -21"><span class='ocrx_word' id='word_1_217' title='bbox 170 2089 250 2145; x_wconf 74' lang='grc' dir='ltr'>(ὑφ’</span> <span class='ocrx_word' id='word_1_218' title='bbox 281 2090 436 2145; x_wconf 67' lang='grc' dir='ltr'>ἑαυτῷ).</span> <span class='ocrx_word' id='word_1_219' title='bbox 509 2090 570 2132; x_wconf 86' lang='lat' dir='ltr'>Et</span> <span class='ocrx_word' id='word_1_220' title='bbox 606 2090 666 2132; x_wconf 82' lang='lat' dir='ltr'>sic</span> <span class='ocrx_word' id='word_1_221' title='bbox 709 2091 958 2133; x_wconf 87' lang='lat' dir='ltr'>invenimus</span> <span class='ocrx_word' id='word_1_222' title='bbox 1000 2092 1048 2133; x_wconf 92' lang='lat' dir='ltr'>in</span> <span class='ocrx_word' id='word_1_223' title='bbox 1080 2092 1239 2134; x_wconf 86' lang='lat' dir='ltr'>Latino</span> <span class='ocrx_word' id='word_1_224' title='bbox 1291 2093 1409 2150; x_wconf 87' lang='lat' dir='ltr'>apud</span> <span class='ocrx_word' id='word_1_225' title='bbox 1460 2093 1574 2134; x_wconf 88' lang='lat' dir='ltr'>anti-</span> 
     </span>
     <span class='ocr_line' id='line_1_28' title="bbox 168 2159 1246 2215; baseline 0.004 -16"><span class='ocrx_word' id='word_1_226' title='bbox 168 2171 274 2215; x_wconf 87' lang='lat' dir='ltr'>quos</span> <span class='ocrx_word' id='word_1_227' title='bbox 305 2162 500 2200; x_wconf 84' lang='lat' dir='ltr'>auctores</span> <span class='ocrx_word' id='word_1_228' title='bbox 531 2159 693 2201; x_wconf 83' lang='lat' dir='ltr'>auferri</span> <span class='ocrx_word' id='word_1_229' title='bbox 724 2159 926 2201; x_wconf 86' lang='lat' dir='ltr'>ultimam</span> <span class='ocrx_word' id='word_1_230' title='bbox 958 2160 1162 2213; x_wconf 82' lang='lat' dir='ltr'>vocalem,</span> <span class='ocrx_word' id='word_1_231' title='bbox 1195 2163 1246 2203; x_wconf 91' lang='lat' dir='ltr'>ut</span> 
     </span>
    </p>
   </div>
   <div class='ocr_carea' id='block_1_3' title="bbox 443 2269 1273 2329">
    <p class='ocr_par' dir='ltr' id='par_1_3' title="bbox 443 2269 1273 2329">
     <span class='ocr_line' id='line_1_29' title="bbox 443 2269 1273 2329; baseline 0.001 -17"><span class='ocrx_word' id='word_1_232' title='bbox 443 2274 466 2292; x_wconf 71' lang='lat'>‘⁴</span> <span class='ocrx_word' id='word_1_233' title='bbox 491 2269 683 2313; x_wconf 71' lang='lat' dir='ltr'>Tcmton&#39;</span> <span class='ocrx_word' id='word_1_234' title='bbox 715 2285 784 2313; x_wconf 88' lang='lat' dir='ltr'>me</span> <span class='ocrx_word' id='word_1_235' title='bbox 815 2271 995 2314; x_wconf 90' lang='lat' dir='ltr'>crimine</span> <span class='ocrx_word' id='word_1_236' title='bbox 1029 2270 1273 2329; x_wconf 72' lang='lat' dir='ltr'>dignum2”</span> 
     </span>
    </p>
   </div>
   <div class='ocr_carea' id='block_1_4' title="bbox 167 2375 1576 2433">
    <p class='ocr_par' dir='ltr' id='par_1_4' title="bbox 167 2375 1576 2433">
     <span class='ocr_line' id='line_1_30' title="bbox 167 2375 1576 2433; baseline 0.002 -17"><span class='ocrx_word' id='word_1_237' title='bbox 167 2389 244 2431; x_wconf 87' lang='lat' dir='ltr'>pro</span> <span class='ocrx_word' id='word_1_238' title='bbox 288 2379 482 2418; x_wconf 67' lang='lat' dir='ltr'>tantone.</span> <span class='ocrx_word' id='word_1_239' title='bbox 565 2376 667 2418; x_wconf 93' lang='lat' dir='ltr'>Non</span> <span class='ocrx_word' id='word_1_240' title='bbox 711 2375 875 2419; x_wconf 86' lang='lat' dir='ltr'>solum¹</span> <span class='ocrx_word' id='word_1_241' title='bbox 922 2378 973 2420; x_wconf 87' lang='lat' dir='ltr'>fit</span> <span class='ocrx_word' id='word_1_242' title='bbox 1019 2377 1269 2433; x_wconf 85' lang='lat' dir='ltr'>hujusmodi</span> <span class='ocrx_word' id='word_1_243' title='bbox 1312 2377 1477 2420; x_wconf 87' lang='lat' dir='ltr'>ablatio</span> <span class='ocrx_word' id='word_1_244' title='bbox 1528 2378 1576 2419; x_wconf 85' lang='lat' dir='ltr'>in</span> 
     </span>
    </p>
   </div>
   <div class='ocr_carea' id='block_1_5' title="bbox 169 2444 1576 2705">
    <p class='ocr_par' dir='ltr' id='par_1_5' title="bbox 169 2444 1576 2705">
     <span class='ocr_line' id='line_1_31' title="bbox 169 2444 1575 2503; baseline 0.002 -18"><span class='ocrx_word' id='word_1_245' title='bbox 169 2444 441 2500; x_wconf 84' lang='lat' dir='ltr'>appositione</span> <span class='ocrx_word' id='word_1_246' title='bbox 495 2444 737 2487; x_wconf 89' lang='lat' dir='ltr'>dictionum</span> <span class='ocrx_word' id='word_1_247' title='bbox 791 2460 927 2501; x_wconf 85' lang='lat' dir='ltr'>quum</span> <span class='ocrx_word' id='word_1_248' title='bbox 989 2446 1300 2503; x_wconf 80' lang='lat' dir='ltr'>intelliguntur</span> <span class='ocrx_word' id='word_1_249' title='bbox 1362 2447 1575 2489; x_wconf 85' lang='lat' dir='ltr'>dictiones</span> 
     </span>
     <span class='ocr_line' id='line_1_32' title="bbox 169 2513 1576 2571; baseline 0.001 -18"><span class='ocrx_word' id='word_1_250' title='bbox 169 2527 257 2554; x_wconf 86' lang='lat' dir='ltr'>esse</span> <span class='ocrx_word' id='word_1_251' title='bbox 291 2513 484 2565; x_wconf 70' lang='lat' dir='ltr'>diversae,</span> <span class='ocrx_word' id='word_1_252' title='bbox 508 2517 559 2555; x_wconf 89' lang='lat' dir='ltr'>ut</span> <span class='ocrx_word' id='word_1_253' title='bbox 591 2514 959 2570; x_wconf 77' lang='lat' dir='ltr'>exemplificatum</span> <span class='ocrx_word' id='word_1_254' title='bbox 991 2518 1064 2566; x_wconf 87' lang='lat' dir='ltr'>est,</span> <span class='ocrx_word' id='word_1_255' title='bbox 1089 2515 1164 2557; x_wconf 88' lang='lat' dir='ltr'>sed</span> <span class='ocrx_word' id='word_1_256' title='bbox 1195 2515 1242 2556; x_wconf 89' lang='lat' dir='ltr'>in</span> <span class='ocrx_word' id='word_1_257' title='bbox 1263 2515 1576 2571; x_wconf 86' lang='lat' dir='ltr'>compositione</span> 
     </span>
     <span class='ocr_line' id='line_1_33' title="bbox 170 2580 1575 2639; baseline 0.001 -19"><span class='ocrx_word' id='word_1_258' title='bbox 170 2580 371 2622; x_wconf 81' lang='lat' dir='ltr'>similiter</span> <span class='ocrx_word' id='word_1_259' title='bbox 421 2581 617 2624; x_wconf 85' lang='lat' dir='ltr'>aufertur</span> <span class='ocrx_word' id='word_1_260' title='bbox 662 2583 824 2625; x_wconf 86' lang='lat' dir='ltr'>vocalis</span> <span class='ocrx_word' id='word_1_261' title='bbox 875 2584 1030 2639; x_wconf 85' lang='lat' dir='ltr'>prioris</span> <span class='ocrx_word' id='word_1_262' title='bbox 1083 2583 1284 2625; x_wconf 84' lang='lat' dir='ltr'>dictionis</span> <span class='ocrx_word' id='word_1_263' title='bbox 1337 2598 1470 2638; x_wconf 87' lang='lat' dir='ltr'>quum</span> <span class='ocrx_word' id='word_1_264' title='bbox 1529 2583 1575 2623; x_wconf 89' lang='lat' dir='ltr'>in</span> 
     </span>
     <span class='ocr_line' id='line_1_34' title="bbox 169 2649 1574 2705; baseline 0.001 -15"><span class='ocrx_word' id='word_1_265' title='bbox 169 2649 477 2705; x_wconf 80' lang='lat' dir='ltr'>compositione</span> <span class='ocrx_word' id='word_1_266' title='bbox 528 2650 646 2693; x_wconf 89' lang='lat' dir='ltr'>cadit</span> <span class='ocrx_word' id='word_1_267' title='bbox 698 2665 795 2693; x_wconf 90' lang='lat' dir='ltr'>cum</span> <span class='ocrx_word' id='word_1_268' title='bbox 848 2651 941 2693; x_wconf 86' lang='lat' dir='ltr'>alia.</span> <span class='ocrx_word' id='word_1_269' title='bbox 1026 2651 1244 2703; x_wconf 74' lang='lat' dir='ltr'>Quoniam</span> <span class='ocrx_word' id='word_1_270' title='bbox 1295 2651 1386 2693; x_wconf 79' lang='lat' dir='ltr'>haec</span> <span class='ocrx_word' id='word_1_271' title='bbox 1440 2650 1574 2692; x_wconf 91' lang='lat' dir='ltr'>dictio</span> 
     </span>
    </p>
   </div>
   <div class='ocr_carea' id='block_1_6' title="bbox 576 2889 1135 2934">
    <p class='ocr_par' dir='ltr' id='par_1_6' title="bbox 576 2889 1135 2934">
     <span class='ocr_line' id='line_1_35' title="bbox 576 2889 1135 2934; baseline 0.005 -13"><span class='ocrx_word' id='word_1_272' title='bbox 576 2891 583 2909; x_wconf 88' lang='lat'>¹</span> <span class='ocrx_word' id='word_1_273' title='bbox 602 2889 716 2934; x_wconf 77' lang='lat' dir='ltr'>solum]</span> <span class='ocrx_word' id='word_1_274' title='bbox 744 2891 781 2924; x_wconf 90' lang='lat' dir='ltr'>v⁰</span> <span class='ocrx_word' id='word_1_275' title='bbox 807 2892 913 2924; x_wconf 82' lang='lat' dir='ltr'>added</span> <span class='ocrx_word' id='word_1_276' title='bbox 936 2892 970 2923; x_wconf 88' lang='lat' dir='ltr'>in</span> <span class='ocrx_word' id='word_1_277' title='bbox 994 2892 1135 2934; x_wconf 82' lang='lat' dir='ltr'>margin.</span> 
     </span>
    </p>
   </div>
  </div>
 </body>
</html>
