1964 3259
239 241 359 298 vnn]
683 254 988 286 coMPENDIUM
1019 255 1183 287 srunn.
1544 248 1629 290 491

240 366 417 411 Graecos
457 372 524 412 est
554 368 606 411 Μ
607 384 808 413 cm'esucm
849 371 1085 412 secundum
1117 371 1340 422 Hebraeos,
1382 375 1428 415 et
1468 377 1637 417 certum

238 439 305 477 est
336 438 451 492 quod
480 437 744 480 Novembris
774 442 958 480 vocatur
978 438 1091 481 Dios
1123 442 1168 480 et
1189 439 1444 482 Maresucm
1475 445 1520 483 et
1551 457 1641 484 non

240 505 396 557 Maius,
419 505 523 562 quia
544 505 688 548 Maius
708 509 891 548 vocatur
911 507 1149 548 secundum
1167 507 1338 549 Graecos
1354 508 1638 562 Awtemz'sios,

239 576 283 614 et
327 574 562 615 secundum
595 574 810 616 Hebraeos
843 575 952 626 Ear,
984 578 1036 617 ut
1068 576 1189 617 Beda
1232 576 1358 618 docet
1405 579 1451 618 et
1497 577 1639 619 omnis

240 640 457 683 Hebraeus
517 642 652 683 novit.
756 642 1035 699 Quapropter
1095 644 1332 685 secundum
1393 643 1424 685 J
1427 645 1635 700 osephum

239 709 455 751 diluvium
497 710 684 766 contigit
725 710 773 751 in
816 711 1072 753 Novembri.
1159 712 1380 754 Oaeterum
1421 712 1640 768 Josephus

238 777 363 819 docet
414 778 531 832 quod
582 778 684 820 licet
737 778 911 833 Moyses
964 782 1179 834 quantum
1232 780 1288 820 ad
1340 780 1640 823 solemnitates

236 845 454 886 faciendas
484 846 679 900 posuerit
698 845 865 897 Nisam,
889 846 937 887 id
967 850 1044 896 est,
1072 846 1281 901 Aprilem,
1315 861 1406 888 esse
1436 848 1637 903 primum,

237 912 339 967 quia
370 912 597 962 festivitas,
629 913 792 954 scilicet
814 913 991 963 Pascha,
1025 914 1267 956 celebratur
1297 914 1373 956 illo
1404 929 1564 969 mense,
1595 921 1640 959 et

234 979 295 1021 sic
326 979 510 1021 ulterius
541 994 617 1036 per
648 980 857 1033 ordinem,
887 985 937 1023 ut
969 981 1224 1024 Pentecoste
1256 986 1301 1025 et
1331 982 1459 1035 aliae3
1489 986 1639 1026 tamen

234 1050 449 1103 quantum
494 1048 551 1089 ad
582 1049 736 1090 seriem
779 1050 1026 1092 naturalem
1070 1051 1291 1106 temporis,
1327 1055 1372 1093 et
1417 1054 1637 1106 quantum

233 1117 289 1157 ad
339 1115 650 1167 venditionem,
694 1120 739 1159 et
789 1118 1066 1173 emptionem,
1115 1121 1160 1160 et
1202 1121 1379 1160 caeteras
1427 1119 1637 1162 humanas

233 1184 580 1240 computationes
611 1188 869 1241 temporum,
911 1185 1069 1242 prioris
1100 1186 1246 1228 saeculi
1278 1186 1452 1229 decreta
1494 1202 1637 1230 serva-

232 1253 312 1302 vit,
360 1252 521 1294 scilicet
573 1253 689 1308 quod
740 1253 906 1309 primus
952 1253 1113 1295 mensis
1165 1254 1271 1295 anni
1322 1258 1388 1296 est
1436 1255 1635 1308 October,
1655 1263 1800 1298 October

232 1320 346 1361 sicut
378 1320 591 1362 secundus
632 1324 698 1362 est
730 1321 1006 1373 Novembris,
1039 1325 1091 1363 ut
1132 1322 1250 1378 prius
1282 1323 1529 1379 expositum
1571 1328 1636 1366 est
1651 1309 1795 1385 {ljgnffffit

232 1388 469 1430 secundum
500 1388 773 1430 intellectum
804 1388 834 1430 J
838 1389 996 1445 osephi.
1058 1389 1175 1431 Nam
1206 1393 1378 1432 constat
1400 1390 1635 1434 Octobrem

231 1470 320 1498 esse
341 1456 508 1512 primus
539 1457 576 1497 si
597 1456 860 1498 Novembris
891 1461 957 1500 est
978 1457 1190 1499 secundus
1210 1473 1219 1508 3
1242 1458 1316 1499 sed.
1339 1458 1434 1514 jam
1455 1460 1635 1515 exposui

232 1525 469 1566 secundum
513 1524 786 1566 intellectum
823 1525 853 1566 J
857 1525 1005 1580 osephi
1037 1539 1113 1580 per
1145 1525 1322 1575 Bedam,
1369 1530 1414 1568 et
1447 1527 1630 1578 Graecos,

231 1595 277 1633 et
329 1592 552 1641 Hebraeos,
593 1593 710 1647 quod
761 1592 1030 1633 Novembris
1072 1595 1138 1634 est
1189 1594 1402 1635 secundus
1458 1595 1631 1646 mensis,

229 1659 368 1714 igitur
414 1653 604 1702 October
656 1662 722 1702 est
768 1660 934 1715 primus
979 1660 1218 1702 secundum
1264 1661 1436 1704 decreta
1478 1663 1636 1718 prioris

229 1727 405 1780 saecu1i3
437 1730 481 1769 et
516 1727 598 1769 hoc
628 1731 695 1770 est
736 1728 974 1769 secundum
1006 1728 1204 1770 ordinem
1244 1730 1491 1771 naturalem
1524 1734 1633 1773 tem—

228 1795 346 1850 poris
389 1810 519 1851 quem
563 1796 907 1838 observaverunt
940 1795 1120 1837 Hebraei
1153 1811 1178 1837 a
1208 1796 1424 1852 principio
1465 1799 1631 1840 mundi.

231 1863 363 1905 Unde
410 1864 591 1905 Hebraei
637 1877 775 1918 usque
816 1878 933 1904 nunc
974 1866 1135 1905 vocant
1167 1863 1401 1905 Octobrem
1432 1864 1634 1918 Rosoma,

229 1931 277 1972 id
299 1934 375 1981 est,
409 1934 541 1986 caput
569 1932 641 1973 vel
672 1931 935 1987 principium
961 1931 1076 1973 anni.
1130 1931 1190 1973 Et
1220 1932 1331 1973 illud
1353 1932 1636 1975 confirmatur

229 1998 381 2039 multis
412 1998 750 2040 auctoritatibus
795 2002 840 2040 et
885 2013 963 2054 per
1000 1999 1150 2055 legem.
1216 1999 1434 2051 Quoniam
1476 2000 1634 2043 Hiero-

229 2080 389 2121 nymus
431 2066 538 2108 dicit
581 2066 628 2107 in
671 2066 886 2122 principio
919 2066 1123 2109 Ezechiel
1167 2081 1293 2123 super
1335 2068 1456 2119 illud,
1488 2084 1635 2112 mense

228 2136 397 2188 quarto,
430 2133 546 2188 quod
577 2134 607 2176 J
610 2134 817 2176 anuarius
848 2138 914 2177 est
945 2135 1018 2176 ille
1051 2138 1233 2190 quartus
1265 2136 1456 2187 mensis3
1497 2137 1636 2193 igitur

230 2200 420 2242 October
450 2204 516 2243 est
558 2201 725 2257 primus
768 2205 813 2244 et
843 2202 1108 2244 Novembris
1151 2203 1373 2245 secundus.
1436 2204 1552 2246 Item
1588 2205 1634 2246 in

230 2267 433 2324 epistola,l
479 2269 546 2310 De
579 2269 918 2311 Festivitatibus
960 2270 1161 2312 Hebraeis
1191 2271 1298 2312 dicit
1328 2271 1445 2313 idem
1476 2272 1632 2314 Hiero-

227 2351 417 2392 nymus:
464 2341 487 2358 “
504 2336 561 2378 In
591 2337 679 2379 fine
711 2338 815 2379 anni
846 2338 996 2380 solaris
1027 2339 1145 2394 apud
1192 2339 1415 2390 Hebraeos,
1459 2341 1634 2395 quando

230 2409 253 2425 “
285 2407 609 2461 congregantur
654 2405 823 2447 fructus
869 2406 917 2447 in
959 2406 1126 2457 horrea,
1165 2409 1233 2448 ter
1276 2407 1485 2449 solemnia
1527 2409 1632 2451 cele-

228 2479 251 2495 “
282 2473 411 2516 brare
456 2474 504 2515 in
555 2475 649 2531 lege
691 2478 956 2532 praeceptum
1007 2479 1108 2528 est3
1159 2476 1205 2517 id
1249 2479 1328 2528 est,
1374 2477 1516 2533 prima
1561 2478 1633 2519 die

228 2547 251 2563 “
280 2542 501 2595 tubarum,
549 2543 716 2585 decima
761 2543 832 2585 die
877 2544 1193 2600 expiationum,
1240 2547 1285 2586 et
1328 2559 1354 2586 a
1397 2545 1631 2599 quintade-

230 2614 253 2631 “
285 2609 397 2652 eima
428 2610 499 2652 die
529 2625 606 2667 per
636 2614 805 2667 septem
836 2612 928 2653 dies
969 2612 1349 2654 tabernaculorum
1390 2612 1511 2655 feriae
1540 2627 1630 2655 esse

776 2823 784 2841 ¹
801 2821 953 2865 epistola]
980 2833 1010 2864 p.
1028 2827 1101 2855 209.
