1964 3259
333 250 418 296 572
867 260 1102 292 APPENDIX
1135 261 1180 292 II.

334 384 355 400 “
387 378 530 420 sciunt
561 377 845 434 multiplicem
889 392 1077 419 errorem
1129 382 1173 419 et
1224 378 1419 421 scribunt
1466 392 1593 433 super
1644 378 1735 430 hoc,

334 451 355 466 “
388 446 500 488 sicut
531 449 575 487 et
616 446 865 495 astronomi,
910 460 1095 501 quorum
1137 451 1420 501 utrorumque
1463 446 1624 501 scripta
1660 460 1736 501 per

388 514 473 555 Dei
519 514 738 555 ecclesiam
785 513 967 569 vulgata
1017 516 1130 563 sunt,
1165 514 1212 554 in
1264 514 1420 570 quibus
1472 527 1638 554 errores
1689 513 1735 554 hi

333 585 355 602 “
387 585 607 631 notantur,
671 585 715 623 et
767 581 820 623 de
871 581 1072 622 remediis
1132 581 1264 623 datur
1325 580 1564 624 consilium.
1649 580 1735 622 Sed

334 655 354 669 “
387 649 533 690 nullus
565 653 742 705 propter
793 648 1022 690 concilium
1074 650 1276 704 generale
1318 664 1447 691 ausus
1491 652 1557 690 est
1598 648 1735 691 facere

334 722 355 737 “
387 717 637 767 remedium.
702 717 829 768 Quod
865 720 1013 758 autem
1064 717 1247 759 intendo
1284 718 1354 759 hic
1388 721 1453 758 est
1487 717 1539 758 de
1576 731 1736 758 correc-

387 785 507 826 tione
535 784 770 827 calendarii
801 799 885 839 quo
914 785 1059 826 utitur
1081 785 1296 835 ecclcsia‚’'
1329 788 1405 826 etc.
1460 784 1734 840 Praecipuum

331 852 411 894 1106
442 855 508 894 est
542 853 895 903 emolumentum,
930 852 1046 908 quod
1090 868 1166 908 per
1214 853 1492 894 astronomiae
1539 853 1733 894 studium

331 923 553 975 reportare
605 924 778 976 poterat
830 920 1037 971 ecclesia3
1100 923 1145 962 et
1190 921 1305 976 quod
1350 935 1437 962 non
1483 920 1625 970 semel,
1659 921 1735 962 scd

331 988 487 1029 millies
519 990 789 1043 suggesserat
833 987 959 1029 Baco.
1023 987 1196 1030 Infiniti
1248 1003 1380 1044 prope
1433 1002 1631 1038 essemus,
1686 989 1732 1039 si,

331 1070 428 1110 quae
460 1055 532 1096 ille
573 1069 650 1110 pro
683 1055 961 1096 astronomiae
1003 1055 1230 1111 dignitate,
1270 1056 1475 1105 utilitate,
1510 1070 1558 1097 ac
1591 1070 1733 1097 neces-

331 1123 462 1164 sitate
515 1122 760 1178 disputavit
812 1123 938 1172 Baco,
972 1123 1174 1178 prosequi
1216 1122 1435 1164 vellemus.
1500 1122 1587 1164 Sed
1633 1137 1732 1163 con-

330 1191 443 1233 tenti
475 1205 624 1232 sumus
665 1190 718 1231 iis
755 1205 852 1245 quae
889 1190 1101 1232 hactenus
1132 1191 1483 1246 transcripsimus
1500 1206 1509 1241 3
1554 1205 1735 1246 quaeque

332 1273 409 1300 nos
445 1258 626 1314 perinde
668 1272 717 1300 ac
752 1257 968 1300 Baconem
1004 1258 1051 1299 in
1086 1261 1184 1300 tuto
1216 1273 1304 1300 non
1337 1258 1476 1300 solum
1513 1257 1733 1309 collocant,

331 1327 405 1368 sed
436 1326 571 1368 etiam
604 1340 824 1368 censorem
858 1326 1136 1368 convincunt.

391 1394 420 1436 J
423 1408 493 1435 am
546 1394 651 1449 quid
702 1398 890 1449 utroque
943 1394 995 1435 de
1048 1393 1358 1434 Mirandulano
1411 1392 1581 1435 Comitc
1633 1393 1735 1435 Pico

331 1462 553 1504 dicemus?
646 1461 779 1503 Salva
824 1476 972 1503 eorum
1024 1461 1269 1503 reverentia
1320 1461 1571 1511 dixerimus,
1625 1461 1737 1503 nihil

330 1531 428 1572 illos
461 1530 517 1571 ad
548 1530 750 1572 veritatis
781 1529 931 1572 limam
974 1530 1202 1585 scripsisse.
1267 1529 1414 1571 Gerrae
1451 1533 1564 1579 sunt,
1598 1544 1736 1582 voces,

332 1598 644 1639 contumeliosa
674 1598 820 1647 verba,
854 1612 950 1652 quae
983 1597 1071 1638 suis
1103 1598 1149 1638 in
1182 1597 1554 1653 disputationibus
1586 1601 1737 1640 contra

333 1667 547 1708 Baconem
598 1665 714 1707 malo
765 1665 911 1720 potius
961 1665 1090 1721 genio
1153 1680 1285 1720 quam
1337 1665 1540 1706 veritatis
1591 1681 1735 1708 amore

332 1734 453 1775 ducti
485 1734 687 1775 fecerunt.
750 1732 877 1773 Nihil
910 1732 1025 1774 enim
1060 1748 1208 1775 eorum
1249 1733 1296 1773 in
1328 1733 1485 1788 quibus
1518 1733 1733 1775 Baconem

331 1801 558 1857 inculpant
591 1804 800 1842 consonat
822 1815 919 1842 cum
942 1801 1111 1856 scriptis
1134 1800 1339 1856 ejusdem.
1403 1801 1734 1856 Superstitionis

331 1870 567 1911 acerrimus
619 1883 715 1910 osor
778 1867 863 1909 fuit
916 1867 1044 1919 Baco,
1097 1883 1145 1910 ac
1196 1868 1293 1910 illos
1344 1869 1609 1924 improbavit
1661 1871 1733 1925 qui

332 1937 613 1993 astrologiam
646 1936 923 1978 divinantem
964 1936 1012 1977 in
1054 1936 1217 1978 deliciis
1247 1936 1421 1978 habent.
1487 1937 1596 1989 Quae
1627 1938 1734 1979 adeo

331 2021 435 2047 vera
479 2008 591 2054 sunt,
639 2008 691 2046 ut
730 2004 765 2045 si
809 2004 1130 2059 praeclarissimi
1173 2004 1237 2045 1111
1268 2004 1465 2046 homines
1508 2005 1733 2047 nobiscum

331 2074 543 2124 viverent,
576 2076 858 2127 nostramque
902 2072 1085 2114 Baconis
1128 2072 1367 2114 editionem
1410 2088 1499 2128 prce
1531 2074 1733 2115 manibus

331 2142 552 2191 haberent,
620 2155 708 2182 non
772 2140 956 2181 dubium
1020 2140 1125 2194 quin
1178 2154 1327 2182 eorum
1400 2156 1496 2196 quae
1559 2142 1733 2185 incaute

331 2209 602 2265 scripsissent
634 2207 903 2263 palinodiam
936 2211 1150 2250 canerent.
1203 2218 1204 2221 ’
1234 2208 1375 2250 Nemo
1408 2223 1536 2264 porro
1569 2210 1626 2251 sit
1657 2211 1732 2264 qui

330 2277 558 2332 utriusque
622 2275 712 2317 Pici
774 2275 1117 2317 confutationem
1179 2280 1413 2332 expectet3
1465 2291 1565 2318 nam
1619 2279 1735 2333 quod

330 2345 523 2400 pertinet
584 2344 640 2385 ad
702 2358 851 2385 eorum
913 2343 1178 2396 testimonia,
1241 2344 1332 2386 haec
1376 2345 1469 2400 jam
1529 2345 1577 2385 in
1638 2361 1735 2401 pro-

330 2413 427 2468 logo
468 2415 618 2453 nostro
658 2410 1025 2466 transcripsimus,
1074 2415 1125 2452 ut
1172 2412 1437 2466 superfluum
1484 2412 1542 2453 sit
1585 2416 1732 2454 actum

331 2494 496 2536 agere.>
534 2479 682 2519 Minus
733 2478 809 2519 illa
860 2478 1165 2529 confutamus3
1203 2494 1305 2519 nam
1356 2482 1407 2520 ut
1459 2479 1625 2520 falsitas
1677 2481 1732 2521 ad

330 2548 576 2590 contuitum
608 2546 810 2588 veritatis
853 2560 1042 2601 praeceps
1085 2546 1255 2595 corruit,
1290 2546 1349 2587 sic
1382 2547 1608 2601 utriusque
1641 2548 1731 2589 Pici

331 2616 511 2657 dicteria
570 2628 646 2669 per
708 2627 757 2655 ea
818 2628 915 2668 quae
967 2628 1020 2654 ex
1084 2613 1254 2655 Bacone
1307 2614 1606 2667 delibavimus,
1670 2616 1733 2658 ita

332 2686 609 2732 evanescunt,
642 2684 693 2722 ut
726 2681 773 2722 in
804 2680 972 2722 fumum
1005 2681 1174 2723 abeant.
1238 2681 1297 2722 Et
1340 2697 1394 2723 116
1438 2683 1575 2738 gratis
1617 2683 1662 2725 id
1707 2700 1732 2726 a

333 2751 457 2792 nobis
506 2749 672 2791 dictum
720 2748 935 2797 videatur,
982 2749 1185 2800 conferat,
1232 2750 1307 2804 qui
1353 2750 1481 2800 volet,
1527 2755 1732 2807 utrosque

334 2819 456 2861 Picos
488 2833 583 2861 611111
619 2817 803 2859 Bacone.
869 2816 987 2858 Hinc-
1019 2831 1169 2859 ansam
1201 2817 1412 2859 sumimus
1442 2822 1493 2860 ut
1526 2819 1733 2862 miremur

335 519 356 534 (C

335 790 355 805 (ζ
