1964 3259
730 240 964 272 APPENDIX
996 241 1042 271 11.
1499 230 1579 278 571

191 359 212 375 ‘⁴
244 354 376 405 vium,
409 357 454 396 et
493 354 616 410 ponit
660 354 774 395 diem
805 360 849 396 et
879 353 1032 394 horam
1075 353 1232 408 quibus
1273 354 1438 409 incepit
1469 355 1581 396 dilu-

192 428 213 442 “
244 423 376 473 vium,
410 426 454 464 et
485 437 560 478 per
602 422 896 464 revolutiones
942 421 1216 476 planetarum
1254 424 1299 463 et
1329 437 1405 477 per
1435 436 1583 464 eorum

190 495 211 509 ‘⁵
242 490 566 545 conjimctiones
598 489 859 531 determinat
889 488 1114 544 sequentia
1145 489 1311 539 saecula,
1335 503 1388 530 30.
1412 490 1584 544 quando

191 562 212 577 “
243 556 328 598 fuit
400 557 809 607 Nabuchodonosor,
874 559 917 598 et
980 557 1154 611 quando
1216 557 1476 607 Alexander,
1541 561 1585 599 ct

192 630 212 645 “
244 626 419 679 quando
462 625 678 667 Dominus
726 624 939 673 Christus,
985 627 1029 665 et
1071 625 1244 679 quando
1296 625 1584 676 Mahomeffls,

191 698 211 712 ‘⁸'
244 696 288 733 ct
339 692 398 734 sic
445 693 498 734 de
543 691 729 734 multis.''
791 692 873 733 Per
916 691 1028 733 hanc
1078 691 1197 732 viam
1249 693 1485 742 contendit,
1534 696 1585 734 ut

189 758 451 801 Antichristi
487 764 658 809 sectam,
693 760 933 800 adventum
965 762 1221 814 tempusque
1265 773 1581 815 cognoscamus.

188 826 302 868 Vera
343 841 397 868 ne
431 829 489 868 sit
521 842 578 868 an
614 826 721 867 falsa
756 827 830 867 via
868 826 926 867 sit
956 826 1051 876 ista,
1086 830 1234 868 nostra
1267 841 1355 868 non
1390 827 1582 869 interest.

189 893 307 935 Satis
338 895 464 935 nobis
505 898 571 935 est
617 894 853 935 ostendisse
887 894 1103 935 Baconem
1134 893 1181 934 in
1223 908 1273 936 ea
1313 909 1402 935 non
1452 894 1584 936 fuisse

187 964 342 1011 mente,
407 965 458 1003 ut
521 961 764 1018 astrologiae
811 961 1055 1015 judiciariae
1106 961 1271 1004 virtute
1323 961 1586 1005 Antichristi

187 1029 426 1070 adventum
450 1029 646 1070 divinare
678 1043 800 1084 posse
822 1029 1106 1071 contenderit.

248 1096 355 1147 Quae
387 1111 484 1138 cum
517 1097 581 1138 ita
612 1097 710 1146 sint,
735 1111 861 1137 nemo
895 1096 1087 1152 profecto
1108 1097 1336 1152 plumbeus
1368 1100 1434 1139 est
1464 1098 1581 1148 adeo,

187 1167 247 1213 ut,
294 1178 391 1219 quae
434 1164 618 1205 Baconis
670 1164 723 1206 de
775 1163 1091 1219 astrologorum
1137 1164 1315 1218 judiciis
1365 1166 1584 1207 sententia

186 1231 330 1281 fuerit,
383 1231 502 1273 haud
553 1231 783 1287 intelligat.
869 1231 1064 1273 Admisit
1117 1231 1293 1286 quidem
1335 1232 1582 1274 futurorum

181 1299 377 1354 judicia3
451 1299 526 1340 sed
572 1299 647 1349 ita,
701 1303 752 1341 ut
784 1300 830 1340 in
880 1299 1252 1355 genethliacorum
1304 1299 1582 1342 delirantium

187 1367 353 1407 somnia
403 1367 548 1422 lapsus
600 1381 687 1408 non
738 1366 883 1408 fuerit.
947 1367 990 1407 A
1022 1367 1110 1408 suis
1161 1381 1249 1408 non
1298 1369 1482 1419 recessit,
1534 1384 1583 1410 ac

186 1449 281 1476 eam
326 1435 585 1476 sententiam
634 1435 910 1490 amplexatus
952 1434 1049 1484 fuit,
1083 1449 1180 1490 quae
1222 1449 1298 1476 suo
1350 1450 1444 1477 {evo
1487 1451 1584 1492 per-

186 1506 348 1558 vagata
379 1506 483 1551 erat,
517 1506 561 1544 et
593 1517 689 1558 quae
721 1505 869 1544 nostra
914 1501 995 1543 hac
1036 1505 1169 1544 aetate
1200 1506 1405 1558 patronos
1450 1504 1584 1546 habet

186 1569 262 1624 qui
293 1570 414 1610 illam
446 1569 695 1611 defendant.
760 1570 819 1610 Et
850 1570 896 1619 31,
932 1572 985 1610 ut
1015 1584 1094 1625 par
1140 1573 1215 1619 est,
1248 1574 1362 1612 recte
1387 1570 1584 1626 judicare

186 1637 404 1686 debemus,
458 1637 569 1678 nihil
612 1638 659 1677 in
707 1636 892 1678 Baconis
938 1637 1110 1693 scriptis
1150 1637 1424 1680 inveniemus
1467 1640 1583 1695 quod

185 1704 447 1760 turpissimae
504 1705 826 1760 superstitionis
873 1719 1022 1760 sapere
1072 1705 1286 1747 videatur.
1365 1707 1422 1748 Se
1466 1707 1582 1748 enim

185 1773 323 1828 magis
378 1773 561 1814 credidit
620 1772 895 1814 astronomiae
952 1786 1083 1827 quam
1143 1787 1269 1814 vanae
1327 1774 1581 1830 astrologiae.

187 1839 315 1891 Quod
346 1840 383 1880 si
413 1840 603 1881 multum
635 1839 918 1881 emolumenti
959 1840 1006 1880 in
1047 1839 1268 1881 ecclesiam
1304 1854 1359 1881 ex
1390 1844 1585 1884 astrono-

185 1907 284 1949 miae
335 1907 480 1949 studio
534 1907 730 1949 derivare
781 1907 908 1957 dixit,
960 1906 1040 1948 hoc
1098 1910 1327 1962 propterea
1386 1910 1580 1960 asseruit,

186 1975 301 2030 quod
345 1975 653 2017 correctionem
684 1974 919 2016 calendarii
950 1974 1122 2016 Juliani
1168 1989 1246 2030 per
1276 1989 1406 2030 quam
1436 1969 1582 2020 neces-

185 2043 343 2084 sariam
386 2042 662 2098 conspiceret.
725 2041 1019 2084 Astronomiae
1066 2041 1236 2083 defectu
1266 2042 1432 2085 factum
1475 2048 1579 2096 erat,

185 2114 236 2151 ut
280 2124 438 2166 magna
489 2113 736 2165 temporum
788 2109 979 2151 confusio
1030 2109 1209 2151 suborta
1268 2113 1395 2152 esset.
1480 2111 1582 2154 Huc

186 2192 332 2219 omnes
383 2177 660 2219 astronomiae
691 2176 841 2218 laudes
888 2177 1147 2228 collineant3
1209 2176 1293 2220 huc
1325 2178 1456 2220 etiam
1486 2183 1581 2220 ten-

185 2245 296 2286 dunt
328 2245 622 2300 quaerimoniae
655 2244 865 2286 Baconis:
913 2250 935 2265 “
956 2244 1060 2286 Non
1091 2243 1268 2295 solum‚”
1310 2245 1454 2300 inquit
1485 2261 1581 2303 pag.

191 2314 287 2363 126,
354 2312 675 2354 “astronomiae
739 2312 934 2354 studium
998 2312 1178 2368 expedit
1241 2312 1441 2364 ecclesiae‚
1504 2315 1579 2356 sed

187 2385 207 2401 “
239 2380 348 2422 illud
378 2380 568 2421 maxime
600 2380 722 2421 decet
753 2394 858 2430 eam,
882 2383 927 2421 et
957 2380 1073 2435 quod
1094 2380 1186 2421 sine
1216 2380 1373 2435 grandi
1391 2381 1580 2436 periculo

186 2451 284 2489 “et
334 2447 585 2489 confusione
637 2447 771 2489 vitari
813 2461 902 2489 non
954 2449 1125 2502 potest3
1187 2447 1387 2502 quamvis
1430 2451 1580 2490 tamen

187 2520 208 2536 “
239 2515 382 2570 longis
412 2514 683 2570 temporibus
709 2515 802 2569 jam
834 2514 991 2557 accidit
1022 2514 1256 2569 multiplex
1286 2515 1455 2556 abusus
1519 2516 1578 2558 Et

187 2587 209 2603 “
241 2582 445 2636 quoniam
476 2585 596 2623 totus
628 2582 697 2623 hic
728 2596 847 2623 error
883 2581 1077 2637 procedit
1107 2595 1163 2622 ex
1193 2596 1302 2636 pura
1331 2581 1579 2637 ignorantia

187 2654 209 2670 “
241 2652 285 2690 et
315 2649 583 2704 negligentia
615 2648 980 2699 considerationis,
1013 2650 1139 2690 tanto
1171 2654 1236 2690 est
1268 2648 1395 2690 vilior
1434 2664 1577 2691 coram

187 2722 209 2737 “
241 2715 335 2757 Deo
366 2718 412 2757 et
434 2715 681 2757 hominibus
712 2716 882 2767 sanctis,
914 2719 958 2757 et
989 2715 1101 2771 apud
1133 2729 1289 2766 omnes,
1321 2731 1409 2758 non
1440 2717 1577 2758 solum

186 2787 209 2806 “
240 2783 457 2839 sapientes
498 2787 775 2825 astronomos.
850 2782 937 2825 Sed
988 2786 1034 2824 et
1084 2783 1356 2839 computistae
1406 2784 1577 2842 vulgati
