1964 3259
377 251 463 291 258
882 262 1052 293 ROGERI
1083 262 1278 294 BAcoms
1671 252 1786 307 [CAP.

437 377 613 420 Nomen
656 380 705 422 in
748 395 836 423 aus
880 383 924 422 et
968 380 1012 421 in
1047 395 1126 423 eus
1158 380 1422 437 producitur,
1457 382 1508 420 ut
1545 379 1782 430 Menelaus,

377 446 621 490 Asmodeus
683 449 731 490 in
783 449 932 502 Tobia,
982 449 1208 499 Zaccheus,
1274 448 1486 498 trocheus,
1558 447 1785 504 spondeus.

377 515 438 557 Et
484 531 644 559 nomen
687 518 734 559 in
778 532 884 560 eum
926 518 1194 574 producitur,
1232 520 1284 559 ut
1324 517 1605 566 mausoleum,
1661 530 1785 557 cano-

374 598 505 640 peum
537 585 585 626 in
606 585 635 626 J
639 586 792 627 udith:
827 601 932 627 nam
954 587 983 628 J
986 585 1206 628 uvenalis¹
1231 586 1384 642 longat
1406 599 1599 641 canopeo
1620 584 1669 625 in
1699 584 1786 625 fine

372 667 533 703 versus,
571 658 615 695 et
649 654 874 697 Lucanus2
910 655 1064 711 longat
1099 654 1346 697 mausolea.
1412 654 1500 696 Sed
1532 652 1786 696 theloneum

373 720 475 762 licet
502 737 527 763 a
548 722 749 778 pluribus
781 724 999 780 longatur‚
1034 727 1185 766 tamen
1216 724 1262 765 in
1297 723 1448 765 Graeco
1470 722 1605 764 habet
1636 736 1785 763 accen-

373 793 471 830 tum
488 794 666 833 acutum
688 793 735 833 in
756 792 1105 848 antepenultima
1126 809 1133 834 ε
1169 792 1307 848 igitur
1328 791 1566 834 secundum
1587 790 1784 847 regulam

374 860 622 914 generalem
674 865 876 903 accentus
928 862 1203 903 breviabitur
1254 861 1507 917 penultima.
1611 859 1787 900 Nomen

375 942 478 969 vero
512 928 711 971 desinens
743 930 791 971 in
812 930 890 972 ius
913 930 1158 986 corripitur,
1180 933 1233 971 ut
1256 930 1493 980 Cornelius,
1519 933 1563 971 et
1585 928 1785 970 desinens

374 995 422 1036 in
453 1010 536 1038 cus
567 998 838 1053 producitur,
872 1001 925 1039 ut
958 999 1086 1050 Eous,
1125 999 1173 1040 id
1211 1001 1277 1040 est
1314 998 1549 1040 orientalis.
1614 997 1786 1039 Caetera

374 1064 679 1120 corripiuntur,
726 1069 771 1107 et
801 1066 1010 1108 ultimum
1053 1070 1245 1109 acuunt:
1280 1067 1309 1109 J
1313 1067 1455 1117 echaa,
1500 1066 1648 1116 Josua,
1683 1065 1786 1106 Ber—

373 1131 512 1182 sabee,
543 1132 688 1183 Josue,
716 1134 844 1184 Isaia,
871 1134 1034 1191 Ragao,
1057 1135 1101 1175 N
1105 1135 1246 1185 echao,
1271 1138 1315 1177 et
1346 1135 1608 1190 hujusmodi.
1656 1134 1719 1175 Et
1750 1133 1786 1174 si

372 1201 693 1244 consideremus
715 1204 911 1245 vocalem
942 1204 1000 1245 ad
1031 1207 1353 1253 consonantem,
1378 1206 1485 1245 tunc
1506 1203 1554 1244 in
1586 1202 1785 1259 pluribus

372 1283 402 1310 (ι
448 1274 551 1312 ante
606 1270 628 1312 b
682 1271 923 1324 breviatur,
971 1275 1022 1313 ut
1054 1272 1234 1323 Artaba,
1286 1272 1522 1323 Barnabas,
1567 1271 1782 1327 Agabus:

373 1338 589 1394 excipitur
622 1339 859 1392 Barabbas,
893 1355 1055 1382 nomen
1086 1341 1281 1391 latronis,
1314 1356 1443 1396 quem
1475 1340 1623 1382 Judaei
1666 1342 1786 1395 pete-

374 1406 494 1448 bant.
559 1407 678 1449 Nam
713 1408 920 1450 Sedulius
941 1408 957 1432 3
989 1409 1142 1466 longat
1173 1410 1474 1465 penultimam,
1509 1409 1593 1451 sic:

478 1506 500 1524 ‘⁶
523 1502 645 1544 Tunc
677 1504 845 1545 coluere
879 1504 999 1556 Baal,
1034 1508 1140 1546 tunc
1187 1505 1353 1561 elegere
1386 1501 1676 1546 Barabbam.”

374 1594 491 1637 Nam
523 1596 688 1651 duplex
722 1596 744 1637 b
777 1600 842 1638 est
874 1597 921 1637 in
964 1598 1134 1649 ultima,
1170 1598 1261 1639 sive
1303 1601 1589 1654 componatur
1620 1597 1671 1638 de
1705 1595 1786 1638 bem-

373 1666 418 1704 et
450 1663 597 1714 abbas,
632 1664 724 1705 sive
757 1665 809 1706 de
853 1664 934 1706 bar
981 1669 1025 1707 et
1077 1665 1219 1707 rabbi.
1305 1666 1600 1721 Excipiuntur
1651 1664 1785 1706 etiam

371 1732 692 1783 candelabrum,
729 1733 972 1785 dolabrum,
1006 1734 1312 1783 ventilabrum,
1346 1734 1583 1775 velabrum.

421 1815 461 1842 α
498 1805 602 1842 ante
637 1816 658 1842 c
693 1801 933 1853 breviatur,
967 1805 1018 1843 ut
1052 1802 1257 1853 Rabaces,
1295 1802 1497 1858 psitacus,
1532 1801 1782 1852 farmacum,

373 1868 682 1919 Challimacus,
737 1873 956 1911 stomacus
982 1886 991 1921 ;
1046 1870 1326 1926 excipiuntur
1383 1874 1533 1911 tamen
1589 1884 1782 1925 opacum,

370 1951 603 1989 meracum,
638 1938 811 1990 cloaca3
873 1943 917 1979 et
948 1938 1171 1994 genitivus
1203 1939 1250 1979 in
1288 1937 1395 1990 acis,
1439 1942 1491 1979 ut
1533 1938 1638 1979 dicit
1670 1937 1784 1978 Pris—

370 2004 520 2046 cianus
545 2007 593 2046 in
622 2006 819 2061 septimo,
859 2010 911 2047 ut
942 2007 1142 2048 thoracis.
1219 2005 1448 2049 anzdaciss
1472 2006 1621 2048 Graece
1652 2005 1786 2047 habet

370 2077 600 2115 accentum
633 2078 812 2115 acutum
846 2074 893 2115 in
936 2075 1195 2130 penultima,
1229 2075 1350 2130 cujus
1381 2075 1682 2117 nominativus
1719 2077 1786 2115 est

373 2140 595 2193 candace,
611 2142 741 2197 hujus
768 2142 1007 2192 Candaois,
1033 2147 1077 2185 et
1098 2158 1186 2185 non
1209 2143 1400 2196 candax,
1419 2144 1531 2186 sicut
1552 2144 1600 2184 in
1623 2143 1783 2185 Graeco.

429 2225 459 2252 α
503 2215 604 2252 ante
653 2211 684 2253 d
731 2211 969 2263 breviatur,
1013 2215 1064 2253 ut
1112 2212 1307 2267 Hyades,
1346 2212 1543 2253 Pleiades
1589 2211 1637 2252 in
1682 2211 1713 2252 J
1716 2211 1781 2261 ob,

368 2278 662 2321 hebdomades
677 2296 689 2330 3
742 2280 1024 2335 excipiuntur
1061 2279 1233 2332 cicada,
1291 2285 1335 2323 et
1390 2281 1572 2323 verbum
1604 2279 1784 2331 suadeo,

369 2346 534 2388 suades
551 2363 569 2398 ,·
603 2350 647 2387 et
679 2347 775 2399 alia,
810 2348 864 2388 de
897 2348 1056 2403 quibus
1087 2364 1177 2389 non
1208 2352 1273 2390 est
1302 2349 1380 2390 vis.

428 2427 459 2455 α
490 2417 592 2455 ante
621 2414 657 2469 f
681 2415 922 2465 breviatur,
970 2419 1022 2456 ut
1064 2416 1234 2467 colafus,
1285 2416 1461 2472 Epafus,
1504 2415 1782 2471 chirografus.

368 2481 600 2524 Juvenalis
633 2481 744 2537 [Sat.
776 2482 868 2523 xiii.
894 2483 1011 2538 135]
1035 2500 1042 2524 :

493 2567 515 2582 “
533 2561 662 2602 Vana
693 2562 952 2617 supervacui
986 2562 1138 2604 dicunt
1170 2563 1455 2619 chirographa
1484 2562 1635 2619 ligni.⁷'

429 2667 459 2694 α
511 2654 613 2693 ante
664 2666 692 2707 9
754 2651 1014 2707 producitur
1077 2653 1144 2701 in,
1181 2654 1314 2696 tertia
1376 2654 1678 2706 declinatione,
1731 2658 1782 2695 ut

368 2720 527 2776 imago,
581 2734 782 2776 propago.
848 2721 936 2763 Sed
987 2721 1208 2778 Astyages
1261 2723 1494 2780 corripitur
1545 2723 1783 2765 secundum

414 2891 633 2935 ¹Juvenalis]
663 2894 730 2925 Sat.
751 2893 794 2925 vi.
815 2898 866 2926 81.
1085 2902 1089 2929 1
1153 2896 1164 2913 ³
1183 2894 1351 2939 sedulius]
1373 2896 1483 2929 Carm.
1497 2907 1528 2930 v.
1550 2899 1621 2929 147.

415 2946 428 2963 '²
442 2945 618 2988 Lucanus]
639 2946 707 2979 viii.
727 2949 800 2979 697.
1085 2931 1088 2991 Ι
