1964 3259
333 247 420 287 410
811 254 985 286 Rodum
1018 253 1216 286 BAcoms
1623 241 1740 297 [cAP.

335 379 357 395 “
389 373 536 415 labore
569 372 814 415 discessit?
881 373 1025 424 Quare
1075 370 1348 413 intendenda
1380 369 1449 411 vis
1482 370 1642 411 mentis
1674 371 1740 411 est

336 448 358 463 “
389 456 628 497 verumque
650 445 716 484 est
747 441 895 483 amitti
922 442 1128 490 animum,
1153 440 1189 482 si
1210 436 1493 481 remittitur?
1557 438 1617 479 Et
1639 437 1739 479 ideo

334 511 382 552 in
402 511 524 563 libro,
549 511 617 552 De
640 510 882 566 Disciplina
905 507 1192 561 Scholarum‚¹
1218 508 1325 550 dicit
1347 506 1465 562 quod
1489 505 1741 548 “universae

336 582 360 602 “
391 579 602 621 doctrinae
634 581 679 620 et
707 578 946 634 disciplinae
976 592 1163 620 noverca
1193 580 1260 619 est
1288 572 1593 633 negligentia.''
1656 573 1742 616 Sed

334 648 427 691 haec
460 651 635 704 peccata
666 647 913 703 spiritualia
941 646 1214 703 sapientiam,
1246 660 1344 701 quae
1376 648 1471 688 tota
1504 642 1744 700 spiritualis

336 720 413 768 est,
444 719 654 758 enervant
670 732 679 769 ;
711 718 890 772 propter
918 715 1036 771 quod
1068 715 1232 757 dictum
1265 717 1341 764 est,
1368 714 1452 754 “in
1482 711 1744 754 malevolam

338 790 358 807 “
391 785 584 827 animam
616 799 707 827 non
739 783 945 826 introibit
981 781 1232 840 sapientia,’'
1264 785 1443 839 propter
1475 785 1625 823 tamen
1665 793 1744 836 gu-

335 853 422 896 lam
456 857 500 895 et
530 853 753 895 luxuriam
786 852 1081 910 subjungitur,
1118 856 1231 894 “nec
1272 852 1320 893 in
1361 864 1536 907 corpore
1567 848 1744 891 subdito

338 927 361 944 “
392 921 614 979 peccatis.'’

113 997 235 1048 carnal
251 995 320 1029 sins
398 991 458 1032 Et
498 994 674 1046 peccata
710 989 901 1032 carnalia
934 991 1110 1045 propter
1149 988 1396 1031 foeditatem
1438 991 1483 1030 et
1523 986 1744 1028 vilitatem

114 1043 303 1085 especmlly.
337 1074 485 1102 eorum
517 1059 706 1100 maxime
736 1061 984 1114 repugnant
1014 1057 1241 1113 sapientize
1273 1057 1513 1107 munditiae,
1537 1059 1581 1097 et
1612 1054 1746 1096 etiam

337 1128 495 1169 animae
527 1126 766 1176 rationalis,
789 1126 836 1167 id
868 1128 933 1167 est
963 1125 1165 1176 hominis,
1195 1125 1414 1181 dignitati.
1477 1124 1599 1165 Dicit
1629 1123 1745 1165 enim

339 1197 506 1238 Tullius
528 1196 638 1237 libro
662 1196 728 1236 De
752 1195 987 1236 Senectute
1003 1193 1114 1248 [12]⁷
1140 1193 1284 1235 “Cum
1305 1192 1473 1235 homini
1495 1192 1614 1234 Deus
1635 1190 1748 1231 nihil

341 1271 363 1287 “
395 1265 676 1321 praestantius
707 1267 855 1305 mente
888 1262 1087 1314 dedisset,
1111 1261 1211 1302 huic
1243 1261 1394 1302 divino
1425 1260 1596 1301 muneri
1637 1258 1748 1300 nihil

342 1340 363 1355 “
396 1338 462 1376 est
503 1337 595 1375 tam
636 1332 861 1373 inimicum
908 1346 1039 1386 quam
1080 1328 1323 1385 voluptas.’'
1386 1329 1579 1385 Impedit
1631 1327 1748 1369 enim

340 1403 568 1445 consilium
612 1402 828 1457 voluptas,
871 1399 1034 1441 rationi
1080 1398 1269 1449 inimica,
1313 1401 1358 1440 et
1399 1397 1558 1439 mentis
1605 1396 1748 1438 oculos

339 1471 608 1528 perstringit.
672 1470 861 1525 Magnus
884 1469 1015 1510 etiam
1038 1467 1258 1523 Archytas
1290 1466 1554 1508 Tarentinus
1582 1465 1748 1520 Pytha-

339 1540 520 1595 goricus,
567 1542 611 1580 et
658 1538 856 1579 Platonis
903 1537 1121 1593 magister,
1169 1536 1335 1577 nemini
1377 1538 1428 1576 ut
1474 1535 1538 1576 ait
1580 1533 1749 1575 Tullius

341 1609 515 1659 ibidem,
553 1606 758 1649 censebat
801 1605 986 1647 dubium
1027 1619 1117 1646 esse
1160 1605 1267 1659 quin
1314 1618 1445 1659 quam
1489 1603 1565 1644 diu
1595 1602 1748 1657 volup-

341 1677 424 1720 tati
469 1677 675 1733 gauderet
715 1674 827 1716 nihil
870 1674 1035 1730 agitare
1081 1676 1239 1724 mente,
1272 1671 1383 1713 nihil
1425 1671 1606 1722 ratione,
1638 1669 1750 1711 nihil

341 1745 589 1787 imitatione
636 1743 839 1799 consequi
881 1757 1015 1798 posse.
1079 1740 1305 1796 Siquidem
1353 1755 1451 1782 cum
1502 1739 1639 1794 major
1692 1738 1751 1779 sit

342 1818 474 1869 atque
506 1813 784 1869 longinquior
816 1825 943 1853 omne
975 1810 1133 1852 animae
1164 1809 1313 1851 lumen
1344 1808 1576 1864 extinguit.
1631 1806 1750 1848 Bene

343 1883 475 1924 etiam
509 1882 660 1924 Cicero
683 1883 841 1936 quarto
874 1879 940 1920 De
975 1878 1303 1930 Quaestionibus
1323 1876 1420 1933 [10]
1455 1876 1561 1918 dicit
1592 1875 1751 1917 intem-

342 1951 587 2007 perantiam
629 1949 874 2004 voluptatis
921 1962 1010 1990 esse
1062 1948 1229 1989 sontem
1276 1945 1471 1988 omnium
1522 1943 1750 2000 perturba·-

344 2020 526 2069 tionum‚
562 2033 660 2074 quae
705 2020 770 2059 est
801 2017 848 2058 in
884 2019 981 2058 tota
1010 2019 1156 2057 mente
1199 2030 1225 2056 a
1255 2017 1373 2056 recta
1403 2013 1572 2054 ratione
1614 2012 1750 2054 defec-

347 2088 421 2130 tio.
484 2087 616 2129 Undc
649 2086 866 2128 Averroes
903 2085 950 2126 in
993 2085 1178 2140 septimo
1222 2081 1539 2138 19111701001111112
1582 2080 1751 2137 egregie

344 2156 584 2199 sententiat
627 2154 743 2211 quod
790 2169 887 2196 cum
930 2153 1118 2195 virtutes
1160 2166 1308 2195 omnes
1353 2149 1602 2193 necessariae
1648 2152 1752 2191 sunt

345 2226 402 2267 ad
454 2224 680 2281 sapientiae
731 2222 1072 2278 inquisitionem,
1130 2224 1280 2262 tamen
1338 2219 1511 2261 castitas
1561 2217 1753 2259 maxime

346 2294 615 2349 requiritur3
679 2295 722 2334 et
754 2292 850 2333 ideo
894 2305 971 2346 per
1016 2288 1282 2332 contrarium
1325 2287 1502 2329 luxuria
1532 2287 1631 2342 plus
1663 2301 1752 2327 om-

346 2362 477 2403 nibus
521 2361 709 2416 quodam
753 2359 894 2409 modo,
939 2358 1227 2414 spiritualiter
1278 2356 1504 2412 praecipue,
1558 2354 1751 2396 noscitur

347 2430 572 2486 sapientise
604 2442 855 2484 repugnare.
920 2427 1104 2481 Propter
1135 2425 1251 2480 quod
1272 2423 1529 2465 Aristoteles
1560 2423 1608 2463 in
1638 2422 1750 2463 libro

349 2495 700 2541 Prololematum3
723 2496 859 2545 docet,
883 2495 1001 2550 quod
1031 2494 1162 2534 homo
1188 2492 1379 2534 maxime
1410 2495 1477 2533 est
1497 2491 1749 2547 vituperan-

350 2567 430 2609 dus
462 2569 641 2623 propter
687 2562 996 2606 delectationes
1038 2561 1194 2603 horum
1240 2563 1526 2617 peccatorum,
1559 2562 1605 2601 et
1636 2559 1752 2615 quod

395 2822 403 2841 ¹
421 2820 476 2854 De
492 2817 683 2863 Disciplina
710 2814 917 2860 Sclzolarum]
945 2824 1014 2858 cap.
1107 2815 1119 2834 ²
1135 2813 1262 2856 septimo
1279 2811 1504 2855 Physicorum]
1525 2811 1546 2845 f.
1568 2814 1640 2853 115‚-
1657 2811 1688 2845 b.

348 2875 393 2908 vi.
1110 2868 1121 2886 ³
1135 2865 1383 2909 Problematnm]
1405 2871 1480 2898 sect.
1498 2865 1618 2899 xxviii.
