1964 3259
359 252 413 292 28
425 253 444 292 42
857 259 1027 290 Roessffl
1071 258 1264 289 ssAcoms
1649 248 1764 302 [cAP.

357 379 559 422 minuta¹
597 379 725 420 unius
764 377 861 429 diei,
895 381 940 420 et
972 376 1294 434 quinquaginta
1325 376 1523 426 secunda,
1562 378 1607 416 01
1639 374 1766 417 octo2

357 449 501 502 tertia,
534 451 579 491 et
621 463 780 490 novem
825 450 994 503 quarta,
1028 450 1072 489 et
1109 446 1271 502 viginti
1318 445 1482 501 quinta.
1563 443 1623 485 Et
1665 443 1767 485 111110

358 519 591 561 concordat
622 516 825 568 Azachel,
843 516 859 539 ³
897 516 973 572 qui
1016 515 1223 557 fundavit
1270 514 1443 556 tabulas
1489 528 1589 555 suas
1641 526 1768 568 super

360 587 657 642 quantitatem
701 586 807 628 anni
843 585 1020 635 lunaris,
1064 584 1141 640 qui
1184 598 1326 626 annus
1366 583 1533 625 lunaris
1573 582 1769 624 continet

360 659 578 698 trecentos
624 653 946 711 quinquaginta
993 657 1181 709 quatuor
1233 652 1337 705 dies,
1386 655 1431 694 et
1477 651 1677 708 quintam
1725 652 1770 691 et

360 727 532 766 sextam
571 723 700 765 unius
748 723 844 773 diei,
889 722 935 764 id
973 725 1050 775 est,
1098 720 1260 778 viginti
1306 721 1393 763 duo
1434 721 1618 763 minuta.
1711 718 1771 760 Et

360 792 597 835 secundum
643 791 725 834 1100
771 792 856 833 erit
899 794 1073 847 tempus
1116 790 1296 847 aequalis
1337 789 1577 832 lunationis
1608 786 1771 844 viginti

361 876 519 903 novem
550 861 654 913 dies,
686 864 730 903 et
772 859 957 916 triginta
987 874 1124 901 unum
1156 860 1339 909 minuta,
1374 861 1418 900 et
1450 857 1772 914 quinquaginta

360 931 573 974 secunda:
617 929 721 985 quia
757 928 919 984 viginti
966 942 1125 970 novem
1173 928 1275 978 dies,
1309 931 1354 969 et
1400 927 1587 982 triginta
1632 940 1770 967 111111111

361 1000 545 1051 minuta,
599 1002 645 1040 et
707 997 1030 1053 quinquaginta
1090 997 1288 1048 secunda,
1343 996 1635 1052 multiplicata
1696 1009 1772 1050 per

362 1067 601 1118 duodecim,
634 1065 804 1108 faciunt
836 1068 1054 1107 trecentos
1096 1064 1418 1121 quinquaginta
1450 1067 1640 1120 quatuor
1681 1063 1772 1104 dies

362 1140 406 1178 et
452 1135 615 1191 viginti
663 1135 749 1176 duo
797 1134 978 1176 minuta.
1057 1133 1144 1176 Sed
1186 1132 1407 1176 Azachel4
1449 1133 1596 1174 omisit
1638 1131 1773 1173 tertia

363 1204 603 1255 Ptolomaei,
659 1207 703 1245 et
765 1206 934 1259 quarta,
988 1205 1033 1244 et
1085 1203 1253 1258 quinta,
1308 1202 1411 1258 quia
1472 1201 1519 1242 111
1580 1200 1773 1242 maximo

362 1278 555 1330 tempore
588 1288 741 1329 parum
773 1271 1038 1328 quantitatis
1069 1271 1294 1327 adjiciunt.

424 1342 572 1384 Posito
620 1341 760 1397 igitur
804 1341 922 1396 quod
972 1344 1146 1397 tempus
1198 1339 1379 1396 aequalis
1431 1338 1672 1380 lunationis
1716 1338 1774 1379 sit

364 1411 525 1467 viginti
577 1425 735 1452 novom
788 1409 891 1459 dies,
946 1412 991 1451 et
1054 1409 1241 1465 triginta
1291 1423 1429 1450 unum
1491 1408 1676 1459 minuta,
1730 1409 1774 1448 01

365 1479 687 1535 quinquaginta
730 1478 928 1529 secunda,
963 1477 1121 1520 accidit
1166 1477 1284 1533 quod
1321 1477 1553 1518 minimum
1588 1479 1772 1532 tempus,

365 1548 573 1590 reducens
605 1548 800 1603 integras
836 1547 1087 1588 lunationes
1129 1546 1185 1587 ad
1218 1546 1334 1588 idem
1377 1545 1585 1601 temporis
1616 1544 1774 1601 princi-

367 1616 500 1673 pium,
553 1620 619 1657 est
671 1615 857 1671 triginta
908 1614 1014 1656 anni
1067 1613 1277 1665 Arabum,
1332 1613 1407 1669 qui
1465 1616 1667 1656 constant
1720 1627 1774 1653 ex

366 1684 573 1727 trecentis
611 1683 843 1740 sexaginta
873 1682 1177 1725 lunationibus
1223 1682 1416 1738 integris,
1460 1685 1506 1723 et
1549 1681 1776 1723 continent

367 1753 459 1796 dies
511 1753 658 1795 decem
699 1752 839 1793 millia
890 1754 1117 1794 sexcentos
1160 1750 1346 1807 triginta
1397 1764 1535 1791 unum
1586 1749 1774 1806 praecise.

369 1821 586 1874 Quoniam
634 1835 733 1863 cum
778 1834 869 1862 una
899 1820 1067 1862 lunatio
1112 1820 1169 1862 sit
1200 1818 1363 1876 viginti
1393 1833 1551 1860 novem
1595 1818 1696 1867 dies,
1731 1820 1776 1860 et

368 1890 554 1947 triginta
585 1903 725 1932 unum
765 1889 950 1942 minuta,
990 1892 1034 1931 et
1071 1887 1395 1945 quinquaginta
1437 1886 1635 1937 secunda,
1670 1886 1776 1928 duo·

368 1959 507 2002 decim
555 1958 819 2010 lunationes,
854 1971 952 2013 quae
984 1957 1151 1999 faciunt
1186 1971 1325 1999 unum
1366 1970 1532 1998 annum
1575 1955 1777 1998 Arabum

368 2032 412 2070 et
444 2043 610 2070 annum
648 2042 785 2070 unum
816 2027 1026 2080 lunarem,
1061 2026 1353 2069 continebunt
1393 2028 1612 2068 trecentos
1649 2024 1778 2081 quin-

368 2098 580 2154 quaginta
603 2100 792 2153 quatuor
823 2096 915 2139 dies
944 2100 990 2139 et
1021 2095 1181 2153 viginti
1219 2095 1304 2138 duo
1326 2095 1498 2137 minuta
1528 2094 1658 2136 unius
1681 2093 1777 2136 diei.

367 2167 454 2208 Sed
486 2166 673 2208 trecenti
707 2166 1029 2222 quinquaginta
1060 2168 1259 2221 quatuor
1280 2164 1564 2220 multiplicati
1595 2178 1672 2220 per
1695 2163 1774 2205 tri-

367 2235 495 2290 ginta
524 2235 691 2276 faciunt
725 2234 871 2275 decem
902 2234 1041 2275 millia
1070 2236 1295 2275 sexcentos
1332 2232 1513 2289 viginti3
1550 2235 1594 2274 01
1615 2231 1779 2288 viginti

369 2304 454 2344 duo
487 2302 660 2344 minuta
706 2302 1001 2358 multiplicata
1032 2317 1108 2357 per
1148 2302 1335 2358 triginta
1367 2301 1534 2343 faciunt
1575 2300 1777 2341 undecim

370 2371 460 2412 dies
483 2372 686 2426 integros,
703 2371 779 2426 qui
801 2371 1024 2426 conjuncti
1046 2370 1263 2426 prioribus
1285 2369 1450 2411 faciunt
1473 2369 1619 2410 decem
1641 2367 1779 2408 millia

370 2442 596 2480 sexcentos
636 2439 821 2494 triginta
852 2453 1001 2489 unum,
1048 2439 1304 2480 reducentes
1347 2437 1486 2493 primo
1532 2436 1779 2478 lunationes

371 2507 557 2563 {equales
586 2507 642 2548 ad
664 2507 886 2548 consimile
919 2507 1127 2563 temporis
1152 2507 1341 2547 initium.
1406 2505 1518 2547 Cum
1542 2505 1679 2561 igitur
1700 2505 1772 2546 tri-

370 2576 498 2632 ginta
528 2575 634 2617 anni
656 2574 855 2618 Arabum
882 2575 972 2617 sint
994 2579 1166 2631 tempus
1202 2575 1445 2626 minimum,
1469 2574 1587 2631 quod
1609 2574 1779 2616 reducit

372 2644 567 2701 integras
598 2644 848 2687 lunationes
880 2644 936 2686 ad
967 2643 1190 2686 consimile
1227 2643 1436 2700 temporis
1468 2643 1656 2693 initium,
1690 2658 1779 2685 non

419 2815 425 2835 ¹
445 2816 583 2859 minuta]
611 2816 788 2853 minutum,
804 2816 846 2848 B.
1155 2816 1166 2841 ³
1183 2810 1344 2857 Azaclaelj
1371 2814 1543 2853 Artachel,
1561 2815 1601 2848 B.

419 2870 430 2888 ²
446 2876 475 2902 ct
497 2870 582 2912 octo]
609 2875 683 2902 octo
706 2875 747 2908 et,
764 2871 802 2902 B.
1156 2870 1165 2888 ⁸
1182 2868 1340 2911 Azachel]
1368 2869 1540 2906 ArtacheI,
1555 2869 1597 2901 B.
