1964 3259
204 258 286 314 xi]
650 269 959 302 COMPENDIUM
991 271 1159 306 srunn.
1521 267 1606 310 513

201 383 249 427 Si
280 388 428 427 tamen
458 389 584 428 acuta
618 386 781 429 dictio¹
816 388 1158 444 monosyllabica
1208 394 1491 446 praeponatur
1523 394 1606 448 syl-

201 452 311 495 labae
348 457 499 504 acutae,
543 458 648 497 111110
679 459 889 511 gravatur
922 460 1101 512 propter
1133 459 1489 513 consequentiam
1521 461 1607 503 dic-

202 521 347 573 tionis,
382 537 457 565 seu
501 522 558 564 sit
601 526 729 565 acuta
773 523 1046 566 declinabilis
1092 525 1226 567 dictio
1262 528 1606 582 monosyllabica

198 605 272 633 seu
319 590 645 633 indeclinabilis.
709 592 769 633 Et
814 592 982 635 faciunt
1017 593 1169 635 Latini
1215 595 1456 637 secundum
1490 597 1605 652 quod

200 658 479 701 Priscianus²
521 659 638 710 dicit,
683 660 729 702 in
770 660 882 702 libro
935 661 988 703 de
1036 661 1324 704 declinatione
1377 664 1605 707 duodecim

200 727 506 783 principalium
558 742 763 770 versuum
812 729 1001 785 Virgilii,
1057 730 1142 771 nisi
1204 731 1465 774 naturaliter
1527 733 1606 774 cir-

199 795 509 838 cumflectatur.
582 796 712 838 Unde
764 796 812 839 in
864 797 1022 852 majori
1064 798 1287 840 volumine
1340 801 1437 841 vult
1491 802 1605 856 quod

199 878 287 905 non
337 864 476 905 solum
522 864 848 906 indeclinabiles
901 869 1053 917 aeutae,
1103 881 1237 922 quum
1290 873 1606 923 praeponuntur

195 935 446 988 gravantur,
492 932 593 974 licet
639 933 692 974 de
723 947 767 974 se
799 937 1023 984 acuantur,
1075 935 1150 976 sed
1182 935 1471 986 declinabiles,
1506 952 1603 992 quae

197 1001 251 1044 de
311 1015 355 1043 se
419 1000 678 1043 naturaliter
738 1005 842 1044 sunt
903 1005 1052 1045 acutae.
1137 1003 1269 1044 Unde
1331 1004 1438 1046 dicit
1487 1006 1603 1060 quod

197 1068 281 1125 qui
316 1069 549 1113 relativum
592 1069 639 1111 in
686 1070 880 1112 oratione
924 1074 968 1113 et
1009 1070 1192 1113 lectione
1234 1076 1453 1127 gravatur,
1502 1073 1604 1115 licet

197 1139 249 1183 de
293 1153 337 1180 se
383 1141 574 1190 acuatur,
610 1138 761 1180 011100
797 1143 874 1188 051,
923 1139 959 1180 51
1006 1143 1133 1181 acuta
1172 1140 1340 1195 syllaba
1386 1146 1601 1195 sequatur,

196 1211 258 1259 ut,
305 1207 388 1263 qui
429 1207 510 1251 ait,
575 1206 635 1249 Et
678 1221 766 1248 non
808 1207 948 1248 solum
990 1207 1301 1263 monosyllabae
1344 1209 1604 1250 naturaliter

197 1280 336 1320 acutae
372 1279 612 1332 gravantur
646 1275 693 1318 in
729 1275 923 1317 oratione
960 1290 1093 1330 quum
1128 1276 1326 1331 sequitur
1358 1280 1496 1327 acuta,
1530 1278 1604 1319 sed

197 1344 364 1388 ultimae
406 1344 583 1399 syllabae
625 1343 868 1386 dictionum
910 1343 1245 1399 dissyllabarum
1288 1347 1333 1386 et
1369 1345 1603 1401 polysylla-

196 1413 351 1455 barum
402 1415 581 1469 propter
632 1411 986 1467 consequentiam
1045 1412 1259 1464 dictionis,
1312 1412 1424 1454 sicut
1485 1414 1604 1469 prius

198 1481 523 1538 exemplificavi.
587 1480 646 1522 Et
692 1495 714 1522 e
763 1494 969 1523 converso
1015 1480 1162 1536 gravis
1205 1480 1252 1521 in
1296 1483 1469 1522 acutam
1510 1496 1605 1523 ver-

196 1550 318 1602 titur,
352 1554 413 1600 ut,
446 1549 558 1592 sicut
589 1548 696 1600 dixi,
731 1547 922 1590 dedokas
951 1547 1055 1599 ‘mk
1087 1547 1245 1589 ultima
1276 1548 1443 1604 syllaba
1473 1548 1604 1604 hujus

196 1619 398 1662 dictionis
418 1621 628 1674 gravatur
656 1616 926 1665 naturaliter,
952 1616 1026 1657 sed
1051 1619 1227 1672 propter
1252 1618 1604 1672 consequentiam

197 1687 401 1730 dictionis
433 1686 656 1737 encliticae,
689 1685 871 1728 acuitur.
937 1684 996 1726 Et
1028 1699 1117 1726 non
1149 1684 1290 1726 solum
1323 1688 1388 1727 est
1429 1685 1509 1728 hoc
1551 1687 1604 1729 de

197 1755 418 1805 01101111015,
452 1755 526 1797 sed
558 1755 610 1797 de
643 1754 738 1796 aliis
779 1753 1043 1796 dictionibus
1091 1753 1387 1808 sequentibus,
1420 1768 1603 1809 qua-rum

197 1824 338 1881 prima
369 1823 537 1879 syllaba
568 1825 788 1879 gravatur.
852 1822 973 1863 Tunc
1004 1821 1162 1862 ultima
1200 1821 1367 1876 syllaba
1399 1822 1604 1864 dictionis
1661 1813 1670 1821 ’

198 1892 481 1949 praecedentis
524 1891 695 1933 acuitur
738 1893 916 1946 propter
967 1890 1318 1944 consequentiam
1370 1889 1603 1942 dictionis3

198 1961 300 2017 quia
338 1959 620 2016 praecedentis
659 1958 863 2000 dictionis
900 1957 1058 1999 ultima
1103 1960 1302 1998 mutatur
1348 1958 1395 1998 in
1435 1962 1604 2000 contra-

196 2029 309 2072 rium
360 2031 596 2079 accentum,
637 2041 685 2069 eo
737 2026 851 2081 quod
898 2026 945 2067 in
992 2040 1041 2067 eo
1084 2040 1173 2067 non
1217 2029 1371 2078 statur,
1416 2026 1490 2067 sed
1532 2026 1604 2067 de-

195 2097 358 2154 pendet
389 2110 528 2138 sermo
561 2098 605 2137 et
642 2094 859 2136 sententia
902 2095 957 2135 ad
1001 2094 1121 2135 aliud
1166 2108 1357 2149 sequens,
1391 2097 1602 2149 tanquam

195 2167 253 2208 ad
285 2166 417 2207 finem
445 2180 572 2207 suum
604 2168 647 2206 et
676 2163 913 2205 terminum
945 2177 1033 2205 suae
1066 2163 1396 2218 dependentiae3
1428 2165 1471 2204 et
1503 2162 1603 2203 finis

196 2234 384 2290 imponit
445 2233 748 2275 necessitatem
809 2231 877 2272 his
940 2245 1037 2285 quae
1089 2234 1192 2271 sunt
1238 2231 1293 2272 ad
1354 2230 1497 2280 finem,
1552 2234 1603 2271 ut

196 2300 481 2346 Aristoteles3
526 2300 635 2343 dicit
682 2300 869 2342 secundo
917 2299 1213 2354 Physicorum‚
1263 2301 1444 2354 propter
1486 2299 1602 2353 quod

196 2372 251 2413 ob
282 2370 585 2412 necessitatem
617 2368 819 2412 dictionis
851 2367 1071 2424 sequentis
1111 2370 1311 2408 mutatur
1344 2367 1599 2423 praecedens,

197 2440 282 2484 nisi
314 2439 372 2481 sit
403 2438 741 2481 circumflexum.

258 2507 373 2549 Item
424 2506 571 2563 gravis
612 2509 755 2562 potest
797 2519 887 2546 esse
938 2504 986 2545 in
1029 2503 1148 2546 omni
1192 2503 1372 2558 syllaba,
1416 2504 1491 2544 sed
1534 2517 1600 2545 ac-

196 2579 347 2618 centus
379 2579 530 2618 acutus
561 2590 649 2617 non
687 2576 831 2631 potest
875 2587 978 2624 esse,
1026 2572 1111 2614 nisi
1152 2572 1199 2612 in
1241 2571 1599 2626 antepenultima,

242 2812 251 2830 ¹
270 2809 383 2853 dictio]
403 2811 525 2842 Added
548 2811 583 2842 in
600 2811 655 2842 the
671 2811 811 2852 margin.
958 2813 970 2831 ³
987 2811 1189 2854 Aristoteles]
1218 2812 1280 2845 See
1295 2823 1325 2853 p.
1344 2816 1418 2845 239.

239 2865 252 2882 ²
267 2862 476 2906 Priscianus]
498 2864 559 2897 See
572 2874 602 2905 p.
616 2867 690 2900 238,

317 2931 415 2962 VOL.
440 2931 472 2965 Ι.
1325 2933 1358 2964 K
1391 2933 1423 2962 K
