1964 3259
128 689 157 718 5.
183 685 234 718 As
250 696 305 718 su-

126 730 292 771 perfluous
304 743 312 770 3

127 775 328 818 philosophy

127 819 229 861 being

126 864 261 906 already

125 909 298 949 complete,

124 954 191 984 and
208 963 279 994 per·

123 998 224 1039 feetly
241 1008 300 1029 ex-

125 1041 282 1082 pounded

124 1087 171 1127 by
183 1096 201 1117 a
212 1097 286 1127 pro-

123 1130 227 1162 fessor
243 1139 275 1166 at

124 1175 228 1208 Paris.

117 1979 259 2013 Bacon’s

118 2035 177 2056 COD
183 2035 257 2058 ΕΗΓΘ

118 2069 157 2099 of
168 2070 220 2101 his

117 2113 279 2157 writings.

356 271 412 313 30
846 283 1016 315 Romam
1046 282 1248 316 BAOONIS.
1648 277 1762 334 [OAP.

354 394 568 447 veritatis,
611 398 657 438 et
697 400 876 454 propter
906 399 1152 442 utilitatem
1189 401 1394 450 vestram,
1439 402 1483 442 et
1519 414 1673 453 meam,
1718 403 1764 442 et

353 463 490 505 totius
541 464 741 508 eeclesiae.
804 466 938 510 Unde
989 482 1078 510 non
1131 468 1191 511 sie
1242 468 1444 524 loquerer
1495 468 1627 509 alicui
1676 468 1762 509 nisi

352 532 490 584 vobis,
533 533 610 588 qui
656 535 760 576 estis
802 540 934 592 eaput
985 537 1168 590 mundi;
1222 540 1266 579 et
1313 537 1411 579 ideo
1455 536 1565 578 mihi
1611 539 1761 592 pareat

351 604 499 642 vestra
530 602 747 658 sapientia
776 603 823 645 in
854 605 935 647 hac
966 609 1101 662 parte.

412 677 579 730 Quinta
609 693 714 722 vero
745 680 930 736 objectio
962 684 1028 723 est
1057 681 1183 724 sortis
1224 684 1269 724 et
1311 681 1459 738 gravis
1501 681 1639 733 mihi3
1685 681 1762 724 sed

351 745 538 789 solvitur
579 762 658 804 per
703 753 937 805 quartam3
974 753 1019 792 et
1065 753 1131 792 est
1178 750 1295 806 quod
1329 750 1426 806 jam
1456 750 1701 793 aestimatur
1733 764 1760 791 a

349 815 483 871 vulgo
530 816 815 870 studentium,
878 821 923 860 et
969 832 996 859 a
1041 818 1193 860 multis
1241 819 1316 874 qui
1361 818 1493 861 valde
1540 818 1759 875 sapientes

349 883 634 937 aestimantur,
668 889 712 927 et
743 900 769 926 a
800 886 951 927 multis
982 886 1088 928 viris
1131 886 1270 939 bonis,
1302 887 1406 930 licet
1436 887 1527 929 sint
1558 886 1759 943 deeepti;

349 952 465 1007 quod
495 952 772 1009 philosophia
794 953 890 1009 jam
922 954 1027 995 data
1057 954 1116 996 sit
1147 954 1328 1006 Latinis,
1362 958 1407 997 et
1452 954 1683 1011 completa,
1716 957 1760 997 et

349 1020 587 1076 composita
629 1021 678 1062 in
720 1021 874 1077 lingua
906 1022 1078 1074 Latina,
1128 1026 1172 1064 et
1216 1026 1281 1065 est
1327 1023 1444 1065 faeta
1485 1023 1533 1064 in
1563 1026 1758 1079 tempore

347 1101 444 1129 meo
475 1091 520 1130 et
550 1088 733 1145 vulgata
765 1090 969 1140 Parisius‚
1003 1094 1048 1132 et
1078 1104 1158 1146 pro
1190 1094 1365 1133 auctore
1398 1091 1615 1147 allegatur
1645 1105 1758 1133 com-

346 1156 512 1211 positor
562 1157 667 1213 ejus.
770 1158 889 1199 Nam
941 1158 1053 1200 sieut
1100 1159 1371 1211 Aristoteles,
1419 1159 1660 1211 Avioenna,
1715 1162 1760 1202 et

346 1224 563 1266 Averroe‘s
594 1225 843 1282 allegantur
885 1226 933 1268 in
974 1226 1143 1278 scholis,
1179 1227 1238 1269 sie
1275 1230 1320 1269 et
1359 1227 1480 1283 ipse:
1530 1231 1575 1269 et
1615 1227 1758 1270 adhuc

345 1292 471 1344 vivit,
510 1296 555 1334 et
596 1293 755 1335 habuit
796 1294 844 1335 in
885 1295 980 1337 vita
1021 1309 1100 1336 sua
1141 1295 1460 1347 auctoritatem,
1495 1294 1613 1350 quod
1643 1310 1759 1336 nun-

345 1375 477 1416 quam
518 1361 649 1403 homo
691 1362 849 1404 habuit
890 1362 938 1403 in
970 1362 1180 1406 doctrina.
1261 1363 1382 1404 Nam
1425 1362 1627 1406 Christus
1667 1377 1756 1404 non

344 1429 545 1484 pervenit
585 1429 642 1471 ad
682 1430 775 1483 hoe,
808 1444 908 1472 cum
940 1433 984 1472 et
1017 1431 1117 1487 Ipse
1158 1430 1417 1487 reprobatus
1457 1430 1611 1473 fuerit¹
1656 1446 1755 1473 cum

344 1511 422 1538 sua
463 1497 662 1540 doctrina
701 1498 750 1540 in
790 1499 886 1540 vita
928 1514 1018 1542 sua.
1082 1499 1188 1541 Non
1230 1499 1324 1541 sine
1365 1514 1527 1556 magna
1563 1514 1755 1555 compas-

344 1565 464 1606 sione
507 1569 552 1607 et
595 1566 649 1608 de
691 1570 866 1609 auctore
908 1567 1000 1619 hoc,
1043 1571 1088 1609 et
1132 1568 1185 1610 de
1229 1582 1372 1610 errore
1416 1568 1542 1624 vulgi
1585 1567 1755 1624 decepti

344 1647 420 1688 per
463 1647 574 1683 eum,
608 1648 687 1690 ego
730 1634 915 1690 loquor3
968 1635 1043 1676 sed
1084 1635 1170 1677 nisi
1212 1635 1293 1678 hoe
1329 1636 1387 1677 sit
1417 1636 1752 1688 consideratum,

343 1715 433 1742 non
472 1704 617 1756 potest
658 1702 822 1744 veritas
865 1717 1085 1758 apparere.
1151 1702 1239 1745 Sed
1282 1704 1445 1745 veritas
1488 1704 1643 1745 fortior
1689 1707 1755 1746 est

344 1768 557 1821 omnibus,
601 1773 653 1811 ut
699 1770 806 1812 dicit
851 1770 1090 1826 Scriptura.
1157 1771 1354 1827 Tangam
1384 1785 1489 1813 vero
1520 1772 1752 1814 veritatem

344 1837 396 1878 de
440 1837 611 1893 seriptis
641 1837 720 1890 his,
754 1841 798 1880 et
842 1837 896 1880 de
936 1853 1132 1894 persona,
1164 1839 1305 1880 solum
1345 1842 1525 1896 propter
1559 1854 1751 1882 amorem

343 1905 556 1957 veritatis,
590 1908 635 1946 et
665 1908 844 1961 propter
873 1906 1115 1948 utilitatem
1147 1921 1430 1949 commimem.

403 1972 513 2014 Haee
545 1976 691 2014 autem
723 1973 884 2029 scripta
915 1974 1081 2016 habent
1112 1978 1289 2030 peecata
1332 1978 1546 2030 quatuor:
1596 1974 1750 2017 Unum

343 2044 408 2082 est
429 2041 602 2083 vanitas
634 2042 814 2097 puerilis
845 2042 1048 2093 infinita;
1080 2042 1320 2084 seeundum
1354 2046 1419 2084 est
1444 2042 1613 2084 falsitas
1643 2043 1752 2085 inef-

341 2109 507 2162 fabilis3
539 2110 720 2151 tertium
748 2113 813 2152 est
845 2110 1123 2166 superfluitas
1152 2110 1399 2161 voluminis,
1427 2125 1476 2152 eo
1506 2111 1624 2166 quod
1654 2114 1751 2153 tota

341 2181 535 2233 potestas
565 2178 742 2220 illarum
774 2178 1056 2219 scientiarum
1087 2181 1233 2234 posset
1254 2179 1474 2220 ¹coarctari
1505 2179 1606 2220 utili
1636 2182 1749 2221 trae-

340 2246 472 2298 tatu,2
495 2249 538 2288 et
569 2246 726 2298 veraci,
759 2249 803 2288 et
834 2246 979 2302 plano,
1012 2249 1056 2288 et
1087 2246 1276 2302 perfeeto
1307 2245 1355 2286 in
1386 2246 1592 2287 vicesima
1622 2250 1748 2302 parte

339 2314 515 2355 illorum
548 2314 854 2366 voluminum3
899 2317 1106 2370 quartum
1139 2317 1215 2366 est,
1264 2314 1382 2369 quod
1427 2317 1575 2369 partes
1605 2314 1748 2369 philo-

340 2382 504 2437 sophiae
535 2382 779 2437 magnificae
810 2383 1030 2432 utilitatis,
1065 2385 1110 2424 et
1140 2383 1364 2424 immensae
1395 2381 1746 2437 pulchritudinis,

340 2453 385 2491 et
416 2450 508 2491 sine
541 2450 699 2505 quibus
729 2464 818 2491 non
848 2454 1030 2506 possunt
1062 2450 1161 2491 seiri
1193 2464 1291 2505 quae
1322 2449 1505 2505 vulgata
1542 2453 1656 2502 sunt,
1691 2450 1745 2493 de

340 2518 499 2573 quibus
530 2532 610 2574 ego
641 2520 798 2560 vestrae
829 2518 980 2574 gloriae
1002 2518 1156 2569 scribo,
1180 2521 1331 2559 auctor
1351 2517 1535 2559 istorum
1566 2531 1745 2574 operum

339 2586 496 2627 omisit.
559 2586 618 2627 Et
664 2585 761 2627 ideo
808 2585 932 2627 nulla
977 2589 1043 2627 est
1087 2585 1258 2627 utilitas
1305 2584 1383 2627 in8
1429 2586 1600 2643 seriptis
1643 2587 1742 2638 illis,

693 2779 702 2798 ¹
711 2778 836 2820 suerit]
863 2778 979 2817 fuerat,
996 2777 1034 2809 B.
1052 2778 1095 2811 U.

692 2834 705 2852 ²
721 2831 793 2864 utili
823 2832 983 2875 tractata]
1010 2836 1152 2865 tractatu
1175 2831 1257 2871 utili,
1274 2831 1313 2864 T.
1340 2832 1382 2865 U.

691 2886 704 2905 ³
721 2885 772 2926 in]
791 2895 855 2917 om.
874 2884 914 2917 T.
