1964 3259
332 263 419 307 472
848 274 1018 306 Rocnm
1050 274 1245 307 ssAcoms
1622 267 1736 322 [cAP.

331 390 375 432 N
381 404 427 432 66
460 390 699 434 Arabicum
732 392 843 435 bene
865 393 1004 444 scivit,
1028 396 1080 435 ut
1116 393 1333 435 confessus
1367 395 1445 444 est,
1467 393 1570 449 quia
1601 394 1740 450 magis

331 459 417 502 fuit
470 460 648 516 adjutor
700 462 1039 504 translationum
1101 477 1231 518 quam
1288 462 1555 514 translatoi'3
1638 463 1741 518 quia

332 528 591 571 Sar-ascenos
628 530 774 572 tenuit
808 545 951 573 secum
994 531 1041 572 111
1083 531 1313 587 Hispania,
1353 531 1428 586 qui
1473 531 1651 573 fuerunt
1692 531 1740 571 in

335 597 424 639 suis
481 598 841 640 translationibus
896 599 1166 655 principales.
1281 599 1496 642 Similiter
1550 599 1739 642 Michael

333 666 489 708 Scotus
523 666 722 722 ascripsit
755 667 839 709 sibi
872 667 1181 710 translationes
1217 669 1388 710 multas.
1452 667 1539 710 Sed
1575 671 1741 710 certum

332 739 398 777 est
435 735 550 791 quod
592 736 792 778 Andreas
841 736 1019 792 quidam
1056 736 1252 788 Judaeus‚
1290 737 1387 793 plus
1433 737 1653 779 laboravit
1695 737 1743 778 in

332 804 411 846 liis.
483 804 615 846 Unde
659 804 909 857 Michaelus,
946 805 1058 848 sicut
1096 806 1416 857 Heremannus,
1452 805 1621 857 retulit,
1663 820 1742 847 nec

332 873 461 915 scivit
497 873 698 915 scientias
734 889 874 930 neque
910 874 1095 931 linguas.
1158 874 1218 917 Et
1255 875 1316 917 sic
1350 875 1401 917 de
1443 875 1550 916 aliis.
1615 874 1741 916 Max-

332 942 418 984 ime
454 941 536 983 iste
572 942 833 984 Willielmus
871 942 908 984 F
910 943 1126 1000 lemingus
1159 943 1235 999 qui
1271 958 1388 986 1111116
1430 943 1567 985 floret.
1631 943 1742 985 Cum

332 1013 481 1052 tamen
549 1013 705 1052 notum
759 1014 824 1052 est
863 1011 1080 1053 ‘omnibus
1133 1011 1323 1053 Parisius
1377 1012 1575 1062 literatiS,
1627 1011 1744 1067 quod

332 1078 501 1120 nullam
537 1078 664 1121 novit
697 1079 925 1121 scientiam
957 1079 1006 1120 in
1034 1080 1187 1136 lingua
1222 1080 1385 1130 Graeca,
1431 1081 1483 1122 de
1516 1095 1602 1136 qua
1634 1095 1744 1137 prae-

333 1146 481 1188 sumit.
546 1147 606 1189 Et
662 1147 759 1190 ideo
814 1148 961 1189 omnia
1013 1148 1225 1190 transfert
1265 1149 1374 1190 falsa
1420 1152 1465 1190 et
1507 1148 1746 1204 corrumpit

333 1215 594 1272 sapientiam
664 1215 931 1259 Latinorum.
1016 1216 1143 1258 Solus
1201 1217 1317 1258 enim
1376 1216 1560 1259 Boetius
1619 1217 1747 1258 scivit

334 1284 387 1326 de
454 1284 656 1326 omnibus
725 1285 1165 1341 interpretationibus
1232 1285 1405 1341 linguas
1471 1285 1745 1328 sufficienter.

336 1351 462 1395 Solus
519 1353 723 1395 dominus
773 1354 1004 1405 Robereus,
1040 1357 1221 1411 propter
1273 1354 1598 1410 longitudinem
1639 1353 1748 1396 vitae

337 1426 382 1465 et
419 1422 514 1465 vias
549 1423 771 1465 mirabiles
805 1423 963 1479 quibus
996 1438 1100 1465 usus
1135 1427 1213 1476 est,
1247 1438 1338 1480 prae
1360 1423 1457 1465 aliis
1494 1423 1747 1465 hominibus

337 1492 466 1534 scivit
500 1491 703 1534 scientias
721 1508 730 1545 3
766 1493 869 1548 quia
903 1493 1104 1535 Graecum
1141 1495 1186 1534 61,
1224 1492 1465 1535 Hebraeum
1499 1507 1587 1533 non
1619 1491 1749 1533 scivit

338 1560 600 1603 sufficienter
641 1567 692 1603 ut
738 1575 815 1616 per
856 1575 900 1602 se
942 1561 1210 1612 transferret,
1263 1561 1339 1602 sed
1387 1560 1546 1603 habuit
1586 1560 1749 1602 multos

339 1628 572 1683 adjutores.
657 1628 819 1670 Omnes
868 1633 1016 1671 autem
1070 1629 1146 1670 alii
1199 1629 1514 1686 ignoraverunt
1575 1628 1749 1685 linguas

339 1701 385 1740 et
438 1696 652 1747 scientias,
696 1700 741 1738 et
798 1697 989 1739 maxime
1043 1696 1113 1738 hic
1160 1697 1423 1739 VVillielmus
1481 1696 1748 1753 Flemingus‚

339 1766 416 1822 qui
453 1766 568 1808 nihil
616 1766 742 1808 novit
794 1765 977 1822 dignum
1023 1780 1163 1822 neque
1200 1765 1248 1807 in
1290 1766 1479 1808 scientiis
1520 1780 1660 1822 neque
1702 1765 1750 1807 in

338 1834 536 1891 linguis3
590 1837 742 1876 tamen
801 1848 950 1877 omnes
1005 1834 1317 1877 translationes
1374 1833 1508 1876 factas
1549 1834 1751 1890 promisit

338 1904 573 1946 immutare
608 1906 652 1946 et
685 1918 821 1946 novas
855 1904 1011 1946 cudere
1044 1903 1198 1945 varias.
1263 1902 1349 1945 Sed
1383 1917 1454 1945 eas
1487 1902 1679 1946 vidimus
1707 1906 1752 1945 et

340 1973 499 2015 scimus
531 1987 622 2015 esse
656 1973 833 2015 omnino
866 1987 1067 2015 erroneas
1099 1976 1144 2015 et
1174 1972 1389 2015 vitandas.

114 2044 207 2090 Jews
224 2047 290 2079 and
404 2041 515 2084 Cum
538 2041 655 2084 enim
686 2041 782 2083 istis
808 2041 1077 2098 temporibus
1110 2041 1275 2083 inimici
1306 2040 1666 2091 Christianorum,
1702 2043 1754 2084 ut

115 2093 323 2168 ἓξζξοίἒζῗῗζ
344 2110 493 2162 Graeci,
531 2113 576 2152 et
613 2110 793 2164 Arabes,
837 2113 882 2152 et
924 2110 1104 2153 Hebraei
1147 2110 1339 2152 habeant
1390 2109 1593 2152 scientias
1636 2110 1753 2166 apud

113 2182 202 2214 lated
223 2181 323 2215 MSS·
340 2179 513 2236 linguas
557 2194 667 2232 suas,
700 2193 789 2221 non
825 2179 1068 2221 concedunt
1106 2178 1366 2222 Christianis
1402 2178 1535 2220 libros
1568 2193 1752 2230 veraceS,

342 2248 417 2290 sed
439 2249 705 2290 detruncant
734 2250 778 2289 et
801 2250 1085 2304 corrumpunt
1109 2262 1272 2299 omnes,
1293 2250 1337 2289 et
1364 2246 1555 2289 maxime
1577 2246 1752 2303 quando

342 2317 497 2358 vident
527 2316 726 2358 homines
758 2316 957 2358 indoctos
994 2316 1043 2357 in
1080 2315 1242 2372 linguis
1281 2318 1325 2357 et
1366 2315 1558 2358 scientiis
1589 2329 1754 2371 praesu-

342 2400 458 2427 mere
512 2385 565 2426 de
617 2384 982 2426 translationibus
1034 2384 1253 2426 faciendis.
1317 2383 1404 2425 Sed
1445 2398 1534 2425 non
1582 2386 1753 2438 oportet

342 2453 564 2495 cumulare
597 2453 806 2508 exempla,
832 2453 933 2507 quia
964 2452 1092 2508 plura
1123 2455 1226 2494 sunt
1257 2465 1389 2507 quam
1419 2455 1567 2507 posset
1597 2451 1754 2506 aliquis

343 2536 554 2565 enarrare.
618 2521 935 2563 Verumtamen
986 2523 1038 2561 ut
1090 2519 1277 2562 excitem
1326 2518 1591 2569 memoriam,
1647 2519 1755 2561 sciat

344 2591 532 2646 quilibet
578 2589 687 2631 illud
730 2588 778 2630 in
821 2589 953 2631 tertio
985 2588 1176 2644 capitulo
1216 2588 1459 2630 Meteorum
1504 2587 1755 2629 Aristotelis

345 2674 435 2702 esse
467 2658 758 2712 falsissimum,
792 2657 869 2699 ubi
901 2657 1062 2699 dicitur
1095 2657 1212 2713 quod
1244 2655 1341 2698 iris¹
1375 2671 1463 2699 non
1510 2656 1668 2699 accidit
1700 2671 1754 2699 ex

884 2885 890 2902 ¹
911 2884 987 2928 iris]
1017 2884 1078 2917 See
1094 2894 1124 2926 p.
1148 2886 1199 2918 77.
