1964 3259
235 260 355 315 vm]
684 271 991 303 eom-ENDIUM
1022 273 1187 303 srunn.
1551 264 1626 307 171

237 394 259 410 “
290 403 454 445 afsgycus
490 390 537 431 in
578 390 784 432 festivum
815 389 1015 438 vertitur,
1049 391 1095 430 et
1140 389 1284 440 timor,
1329 389 1445 443 quod
1476 389 1638 444 signifi-

237 459 460 500 “cantius
521 458 683 514 Aquila
752 458 980 500 transtulit
1044 456 1257 513 gyyrosim,
1321 471 1419 498 011111
1480 457 1636 512 aliquis

236 532 257 548 ‘⁶'
289 527 474 583 pavidus
505 531 549 569 et
579 528 739 569 timens
784 526 1032 569 circumfert
1063 526 1217 577 oculos,
1252 528 1297 568 et
1327 526 1636 568 advenientem

236 595 494 637 “formidat
544 596 779 637 inimicum.
859 595 976 652 Ergo
1035 595 1072 636 si
1123 595 1325 637 volumus
1377 595 1423 635 in
1475 595 1634 636 bonam

234 668 454 720 “partem
515 664 715 722 accipere,
770 664 886 720 quod
946 663 1186 706 recordatio
1247 664 1276 706 J
1280 663 1378 706 udae
1440 663 1635 719 AEgypto

231 733 342 774 “sit
392 733 611 790 gaudium,
664 737 777 776 recte
818 732 1047 788 festivitas
1100 732 1266 775 dicitur.
1344 732 1422 774 Sin
1473 737 1632 783 autem,

229 806 250 821 “
282 804 333 842 ut
383 802 582 851 arbitror,
616 802 663 843 111
705 801 913 843 timorem
943 815 1020 857 pro
1051 800 1291 843 festivitate
1331 801 1529 850 vertitur,
1568 801 1633 841 in-

231 875 251 889 “
285 869 532 925 telligamus
568 869 845 911 formidinem
878 869 948 911 vel
989 868 1233 925 pavorem.'⁷
1297 869 1452 924 Sicque
1493 869 1635 910 multa

227 938 482 979 retractavit
526 952 623 993 (11110
667 937 895 980 transtulit
911 954 921 989 3
953 942 998 980 et
1041 938 1115 979 alii
1156 937 1356 979 similiter
1396 941 1493 994 post
1535 952 1634 979 eum

228 1005 436 1048 viderunt
467 1006 592 1062 plura
622 1007 929 1058 retractanda3
951 1010 996 1048 et
1027 1010 1192 1062 quanto
1224 1006 1480 1062 posteriores
1513 1007 1635 1047 dum-

227 1075 355 1116 modo
401 1075 594 1125 studiosi,
628 1078 754 1117 tanto
797 1076 923 1131 plura
965 1075 1193 1125 videbunt,
1240 1089 1338 1130 (11110
1384 1075 1546 1117 debent
1588 1076 1635 1116 in

226 1143 380 1184 melius
412 1144 680 1186 commutari.

287 1211 373 1253 Sed
433 1212 560 1269 longe
627 1211 766 1267 major
839 1226 956 1253 error
1028 1212 1183 1254 accidit
1244 1211 1292 1253 in
1352 1211 1627 1268 philosophia
1647 1221 1857 1255 111111035οῡὂ

226 1280 450 1321 translata.
515 1280 630 1332 Quia
676 1281 713 1321 si
757 1281 895 1322 sancti
947 1284 1203 1322 erraverunt
1254 1280 1301 1321 in
1348 1281 1437 1322 suis
1489 1284 1628 1323 trans·
1648 1267 1806 1343 Ξζξῗζθξη

226 1347 473 1398 lationibus,
527 1348 667 1390 multo
718 1349 857 1405 magis
916 1349 990 1390 alii
1042 1348 1117 1404 qui
1176 1363 1329 1405 parum
1392 1353 1469 1391 aut
1520 1349 1632 1391 nihil
1648 1357 1705 1407 the
1721 1361 1828 1388 trans-

228 1415 280 1457 de
328 1417 561 1458 sanctitate
609 1420 882 1459 curaverunt.
947 1417 1078 1459 Unde
1123 1432 1222 1459 cum
1268 1432 1345 1473 per
1392 1400 1851 1486 Ge1·ardum{}¹}}i¹{'0ns{,g{i,

230 1487 578 1540 Cremonensem,
613 1491 658 1530 et
691 1488 946 1530 Michaelem
980 1488 1171 1540 Scotum,
1196 1493 1240 1530 et
1270 1489 1515 1531 Aluredum
1538 1488 1632 1531 An·
1649 1490 1831 1540 calboolm,

225 1556 399 1612 glicum,
438 1560 483 1599 et
536 1557 867 1599 Heremannum
912 1557 1215 1607 Alemannum,
1265 1561 1310 1599 et
1347 1557 1629 1599 Willielmum
1650 1535 1846 1610 gssfficlffllffil

227 1624 262 1665 F
265 1625 515 1681 lemingum,
551 1626 655 1667 data
676 1626 735 1667 sit
761 1626 885 1667 nobis
917 1626 1040 1681 copia
1071 1626 1410 1667 translationum
1434 1627 1486 1667 de
1512 1627 1630 1668 omni
1648 1623 1825 1699 {ffiltlffflss

225 1693 416 1744 scientia,
451 1694 609 1736 accidit
639 1697 767 1736 tanta
797 1694 965 1736 falsitas
996 1694 1043 1734 in
1076 1709 1223 1736 eorum
1256 1695 1468 1751 operibus,
1513 1696 1630 1751 quod
1646 1678 1813 1755 Flssniffi}

223 1763 370 1804 nullus
400 1762 560 1804 sufficit
591 1763 807 1805 admirari.
870 1763 988 1804 Nam
1032 1764 1088 1805 ad
1131 1763 1212 1805 hoc
1243 1764 1359 1819 quod
1399 1765 1629 1807 translatio

224 1831 304 1873 fiat
335 1846 451 1883 vera,
486 1835 658 1887 oportet
692 1832 808 1887 quod
840 1832 1082 1873 translator
1112 1832 1222 1874 sciat
1264 1832 1459 1889 linguam
1491 1848 1518 1874 a
1549 1848 1634 1889 qua

228 1900 447 1950 transfert,
483 1902 528 1941 et
567 1899 764 1956 linguam
809 1900 855 1941 in
888 1915 1019 1955 quam
1063 1900 1282 1952 transfert,
1314 1905 1358 1942 et
1406 1902 1632 1943 scientiam

227 1981 358 2022 quam
391 1968 490 2008 vult
522 1969 766 2010 transferre.
832 1968 917 2010 Sed
950 1969 1047 2024 quis
1079 1972 1145 2010 est
1175 1969 1255 2019 hic,
1281 1973 1324 2011 et
1354 1969 1632 2012 laudabimus

226 2038 356 2077 eum?
405 2035 529 2077 Fecit
563 2036 679 2077 enim
712 2036 931 2078 mirabilia
961 2037 1008 2078 in
1038 2037 1135 2078 vita
1166 2052 1252 2079 sua.
1317 2037 1444 2080 Certe
1484 2039 1631 2080 nullus

227 2103 536 2159 praedictorum
569 2104 699 2146 scivit
730 2105 897 2160 aliquid
930 2105 1111 2161 dignum
1160 2106 1212 2148 de
1258 2106 1420 2162 linguis
1466 2110 1510 2148 et
1551 2108 1629 2149 sci-

226 2172 367 2223 entiis,
400 2175 451 2213 ut
483 2172 764 2214 manifestum
809 2177 874 2215 est
919 2174 1028 2215 illud
1071 2189 1160 2215 11011
1203 2174 1340 2216 solum
1383 2189 1439 2216 ex
1482 2189 1630 2217 eorum

225 2240 597 2293 translationibus,
661 2242 736 2284 sed
811 2257 864 2284 ex
950 2243 1275 2285 conditionibus
1331 2258 1625 2299 personarum.

226 2309 386 2351 Omnes
444 2309 560 2351 enim
617 2310 795 2353 fuerunt
848 2311 1118 2368 temporibus
1175 2312 1347 2363 nostris,
1398 2312 1462 2354 ita
1513 2313 1629 2368 quod

223 2377 359 2433 aliqui
400 2378 585 2433 juvenes
627 2379 771 2421 adhuc
819 2380 995 2422 fuerunt
1044 2381 1395 2438 contemporanei
1438 2381 1628 2423 Gerardo

225 2445 516 2499 Cremonensi,
541 2447 615 2503 qui
652 2448 738 2490 fuit
760 2449 984 2505 antiquior
1016 2449 1131 2492 inter
1151 2450 1257 2492 illos.
1322 2450 1628 2492 Heremannus
1647 2454 1810 2488 Herman-

224 2514 399 2569 quidem
453 2515 724 2558 Alemannus
778 2517 918 2560 adhuc
960 2518 1076 2561 vivit
1129 2519 1362 2575 episcopus,
1421 2519 1490 2561 cui
1540 2519 1626 2560 suit
1644 2501 1805 2577 sssssnfflg‘

223 2583 349 2624 valde
395 2583 628 2626 familiaris.
695 2585 792 2637 Qui,
827 2586 938 2627 mihi
980 2587 1218 2629 sciscitanti
1261 2602 1359 2628 eum
1408 2586 1462 2628 de
1502 2586 1624 2628 libris
1645 2589 1709 2620 still
1733 2589 1850 2632 living,

222 2649 372 2705 logicae
441 2652 712 2706 quibusdam,
772 2668 878 2709 quos
954 2655 1111 2697 habuit
1186 2655 1506 2697 transferendos
1578 2655 1625 2697 in
1642 2633 1819 2712 {23‘3133005
1825 2646 1846 2665 ¹¹

225 2716 422 2768 Arabico,
469 2719 584 2761 dixit
626 2735 697 2762 ore
733 2722 932 2773 rotundo,
969 2723 1085 2778 quod
1126 2723 1310 2765 nescivit
1343 2723 1537 2778 logicam,
1580 2726 1626 2765 et

225 2785 324 2827 ideo
358 2800 446 2828 non
482 2801 611 2829 ausus
660 2788 746 2830 fuit
786 2789 1028 2833 transferre.
1092 2791 1151 2833 Et
1198 2794 1312 2834 certe
1363 2791 1399 2833 si
1439 2791 1625 2847 logicam

221 2853 420 2907 nescivit,
458 2869 547 2897 11011
580 2856 726 2911 potuit
774 2857 881 2900 alias
927 2858 1034 2902 scire
1084 2859 1295 2911 scientias,
1335 2859 1447 2902 sicut
1488 2860 1622 2903 deceta
