1964 3259
136 613 282 646 Returns
298 618 332 646 to

135 658 188 690 his
204 659 328 691 former

368 272 423 314 32
860 284 1032 317 Roenm
1063 283 1266 317 BAOONIS.
1661 276 1775 335 [CAP.

982 510 1086 553 CAP.
1111 511 1164 553 X.

423 616 583 660 REDEO
635 618 772 675 igitur
823 621 879 662 ad
921 622 1202 677 propositum,
1247 621 1411 664 scilicet
1463 622 1519 663 ad
1571 625 1772 678 quartam

136 704 315 742 assei-timu
360 700 544 738 causam,
599 702 791 730 asserens
843 690 959 744 quod
1010 691 1299 732 necessarium
1347 694 1413 732 est
1464 693 1516 732 ut
1565 691 1775 747 scriptum

134 749 210 786 viz„
226 748 282 780 the

134 793 300 835 necessity

135 838 174 869 of
181 849 223 869 an
236 838 340 871 intro-

135 883 277 925 ductory

134 927 277 961 treatise.

359 755 676 810 praeambulum
708 756 796 807 fiat,
832 757 878 798 in
916 772 1001 813 quo
1034 759 1291 800 ostendatur
1323 758 1555 801 difficultas
1586 760 1775 802 faciendi

359 823 594 879 scripturas
626 824 896 881 principales,
930 826 1064 869 immo
1096 828 1212 882 quod
1243 827 1508 883 impossibile
1551 831 1617 870 est
1658 829 1775 884 quod

358 891 515 947 aliquis
558 893 610 934 de
656 893 734 943 his,
774 894 849 949 qui
895 895 1024 936 modo
1060 895 1231 947 vivunt,
1270 895 1386 937 solus
1437 895 1530 938 haec
1580 899 1774 953 peragat,

359 963 746 1017 quantumcunque
774 961 934 1004 habeat
961 963 1009 1003 in
1037 963 1248 1018 expensis,
1271 978 1350 1005 nec
1381 978 1530 1005 omnes
1556 965 1773 1020 sapientes

359 1028 525 1080 mundi,
558 1029 642 1069 nisi
686 1043 896 1085 expensas
938 1030 1130 1072 habeant
1173 1045 1251 1087 pro
1289 1046 1368 1072 sua
1410 1032 1650 1074 voluntate.
1714 1033 1774 1074 Et

358 1096 463 1151 quia
513 1096 668 1138 horum
730 1098 1019 1140 consideratio
1081 1114 1171 1141 non
1222 1100 1417 1141 traditur
1477 1100 1525 1141 in
1586 1101 1771 1157 scriptis,

357 1163 554 1206 homines
595 1179 821 1221 nunquam
864 1166 1110 1222 percipiunt
1152 1166 1257 1223 quid
1295 1167 1543 1209 faciendum
1597 1172 1674 1220 est,
1729 1173 1773 1211 et

356 1233 587 1289 negligunt
614 1234 805 1276 excitare
837 1235 1040 1291 praelatos
1068 1239 1112 1277 et
1141 1235 1356 1291 principes
1382 1235 1437 1277 ad
1462 1235 1772 1291 perfectionem

355 1302 589 1357 sapientiae.
653 1302 814 1344 Totum
849 1307 997 1345 autem
1033 1304 1149 1359 quod
1183 1303 1333 1359 scripsi
1370 1303 1417 1344 in
1446 1304 1611 1360 duplici
1644 1320 1771 1361 opere

355 1373 422 1411 est
473 1371 527 1411 de
584 1370 666 1412 hac
718 1371 916 1424 materia,
969 1374 1014 1413 et
1057 1372 1250 1414 ostendit
1302 1371 1615 1423 difficultatem,
1671 1388 1766 1429 quae

353 1452 522 1494 semper
568 1439 758 1481 cucurrit
809 1439 926 1496 apud
979 1439 1168 1482 Latinos.
1254 1439 1341 1482 Sed
1389 1440 1518 1482 modo
1567 1441 1770 1483 reducam

354 1507 501 1547 omnia
532 1507 589 1549 ad
620 1508 831 1562 quasdam
863 1507 1028 1550 radices
1070 1513 1220 1560 certas,
1254 1508 1417 1550 scilicet
1448 1523 1534 1551 sex.
1599 1509 1770 1551 Placuit

352 1577 500 1615 autem
552 1574 647 1617 Deo
699 1576 800 1617 dare
842 1575 1103 1631 sapientiam
1157 1577 1226 1619 cui
1268 1576 1440 1627 voluit;
1483 1592 1585 1618 nam
1628 1577 1770 1619 omnis

352 1641 566 1697 sapientia
596 1657 623 1683 a
664 1643 855 1685 Domino
887 1644 982 1685 Deo
1014 1648 1110 1696 est;
1142 1648 1187 1686 et
1221 1644 1321 1700 Ipse
1363 1644 1642 1701 philosophis,
1676 1649 1768 1686 tam

351 1709 601 1752 infidelibus
654 1725 785 1766 quam
846 1711 1058 1762 fidelibus,
1113 1726 1208 1754 eam
1260 1713 1483 1754 revelavit.
1578 1712 1638 1754 Et
1689 1712 1769 1754 hoc

352 1777 521 1820 declaro
582 1778 630 1820 in
692 1779 884 1835 capitulo
947 1779 1142 1821 secundae
1205 1780 1344 1835 partis
1405 1783 1658 1831 memorato,
1723 1785 1768 1822 et

352 1846 613 1901 quibusdam
665 1847 763 1889 aliis
805 1847 1008 1904 capitulis
1049 1848 1113 1889 ilh’
1145 1848 1338 1901 annexis,
1372 1848 1419 1889 in
1451 1848 1602 1890 eadem
1643 1852 1767 1905 parte

351 1913 596 1956 voluminis.

413 1982 645 2025 Revelavit
696 1983 833 2040 igitur
885 1983 1005 2026 Deus
1057 1984 1197 2040 primo
1238 1983 1556 2040 philosophiam
1609 1985 1768 2027 sanctis

352 2051 453 2101 suis,
493 2051 651 2107 quibus
697 2055 742 2093 et
783 2052 923 2108 legem
977 2052 1127 2104 dedit3
1169 2066 1274 2093 nam
1315 2051 1592 2108 philosophia
1643 2053 1766 2095 utilis

352 2123 418 2161 est
460 2120 545 2175 legi
588 2119 683 2169 Dei,
727 2120 783 2161 ad
834 2120 1119 2172 intellectum,
1161 2120 1217 2162 ad
1258 2120 1666 2176 promulgationem,
1710 2122 1766 2163 ad

352 2188 667 2243 probationem,
709 2188 764 2229 ad
817 2188 1124 2240 defensionem,
1167 2191 1211 2230 et
1263 2188 1413 2229 multis
1465 2188 1560 2230 aliis
1611 2189 1764 2241 modis,

353 2259 405 2298 ut
435 2260 560 2312 patet
590 2271 667 2313 per
698 2270 829 2312 opera
861 2270 956 2312 quae
988 2256 1137 2298 scribo.
1212 2254 1274 2296 Et
1304 2255 1401 2296 ideo
1432 2256 1572 2311 primo
1597 2258 1765 2298 tradita

354 2329 419 2366 est
450 2325 746 2381 principaliter
768 2328 812 2366 et
843 2324 1054 2380 complete
1085 2324 1131 2366 in
1161 2323 1312 2380 lingua
1333 2323 1532 2366 Hebraea.
1595 2324 1764 2366 Deinde

353 2395 563 2433 renovata
614 2395 679 2433 est
730 2391 1025 2447 principaliter
1075 2405 1152 2447 per
1191 2390 1474 2432 Aristotelem
1525 2391 1572 2432 in
1613 2392 1764 2448 lingua

355 2459 532 2513 Graeca3
575 2459 730 2500 deinde
772 2459 1072 2514 principaliter
1102 2473 1179 2514 per
1220 2457 1491 2500 Avicennam
1523 2459 1571 2500 in
1611 2459 1763 2516 lingua

354 2528 569 2579 Arabica3
610 2528 685 2569 sed
715 2541 939 2582 nunquam
980 2527 1027 2567 in
1069 2526 1229 2567 Latina
1268 2526 1354 2568 fuit
1395 2527 1643 2583 composita,
1688 2529 1763 2570 sed

353 2597 494 2638 solum
530 2595 747 2637 translata
784 2595 836 2636 de
872 2594 1035 2650 linguis
1067 2594 1230 2645 alienis,
1265 2598 1309 2636 et
1340 2595 1520 2636 meliora
1539 2610 1628 2638 non
1658 2599 1763 2638 sunt

353 2665 579 2707 translata.
642 2664 702 2705 Et
744 2664 798 2705 de
848 2663 916 2704 his
969 2662 1173 2711 scientiis,
1217 2677 1315 2718 quae
1366 2664 1592 2706 translatae
1644 2667 1758 2716 sunt,

352 2733 464 2775 nihil
495 2735 560 2774 est
590 2731 859 2789 perfectum3
891 2734 936 2772 et
964 2730 1270 2773 translationes
1301 2734 1405 2773 sunt
1431 2745 1653 2787 perversae,
1683 2746 1762 2774 nec

351 2801 648 2857 intelligibiles
708 2800 756 2842 in
816 2799 967 2841 multis
1017 2799 1219 2849 scientiis,
1282 2799 1471 2841 maxime
1531 2799 1579 2841 in
1639 2800 1762 2842 libris

353 2869 612 2912 Aristotelis.
678 2868 740 2911 Et
777 2868 952 2911 infinita
992 2867 1205 2910 vocabula
1246 2867 1299 2910 de
1341 2866 1503 2924 linguis
1555 2868 1653 2911 aliis
1694 2883 1759 2912 re-
