1964 3259
219 259 338 315 VHL]
669 265 973 298 COMPENDIUM
1005 263 1170 295 srunn.
1532 251 1616 293 489

220 389 383 441 negant
420 399 465 426 sc
497 383 693 440 indigere
737 382 899 424 Graecis
946 380 1085 422 literis
1127 382 1171 420 et
1228 377 1440 419 Hebraeis.
1507 377 1618 420 Cum

220 455 337 496 enim
378 453 540 494 dicitur
572 452 619 492 in
653 450 809 492 Genesi
848 448 963 504 [vii]
999 446 1115 502 quod
1150 460 1264 486 anno
1302 445 1618 487 sexcentesimo

221 522 325 564 vitze
348 521 455 571 Noe,
479 534 625 561 mense
651 517 850 567 secundo,
884 516 1006 572 rupti
1036 515 1180 556 fontes
1212 514 1361 569 abyssi
1393 516 1439 555 et
1466 513 1622 569 incipit

223 590 452 640 diluvium,
477 587 584 629 dicit
620 585 913 627 interlinearis
949 584 1091 639 glossa
1124 582 1241 637 quod
1273 582 1433 623 mensis
1474 596 1621 624 secun-

223 657 304 699 dus
340 658 409 698 hic
444 655 530 697 fuit
565 654 721 705 Maius,
746 653 821 708 qui
853 652 1010 694 Niscm
1047 651 1207 693 dicitur
1241 649 1358 705 apud
1400 649 1622 692 Hebraeos.

222 725 281 766 Et
319 724 529 780 Magister
562 722 609 763 in
650 720 851 762 Historia
894 719 999 761 dicit
1044 718 1160 773 quod
1198 717 1358 759 dicitur
1399 717 1526 760 Yscm
1566 718 1622 759 ab

224 792 423 833 Hebraeis
480 794 524 832 et
576 805 600 831 a
657 788 827 829 Latinis
868 786 1039 836 Maius,
1096 800 1122 826 a
1178 785 1489 826 Macedonibus
1549 800 1625 827 scu

224 860 385 902 Graecis
406 857 530 899 Dios.
595 857 769 911 Moyses
804 855 921 896 enim
952 854 999 894 in
1032 853 1240 908 legitimis
1276 852 1326 894 N
1329 852 1442 901 isan,
1466 853 1512 894 id
1544 858 1624 904 est,

222 927 419 981 Aprilem
445 925 636 980 primum
665 922 906 972 constituit,
929 921 1168 964 secundum
1202 921 1231 962 J
1236 920 1470 976 03οῙ11111111.1
1516 921 1626 963 Haec

222 997 372 1035 autem
421 995 525 1034 sunt
564 991 699 1033 verba
741 990 946 1046 Magistri
983 1004 1135 1031 versus
1169 989 1306 1030 finem
1350 989 1531 1044 capituli
1572 990 1626 1031 de

220 1064 418 1119 ingressu
461 1062 557 1104 Noe
601 1061 648 1102 111
689 1075 863 1112 arcam5
916 1063 961 1102 et
1005 1073 1153 1101 omnes
1204 1058 1397 1114 theologi
1438 1074 1626 1114 sequun-

222 1136 295 1173 tur
342 1130 413 1172 1110
467 1130 729 1185 Magistrum
776 1132 820 1170 et
864 1127 1062 1184 glossam.
1146 1127 1206 1168 Et
1257 1127 1416 1168 iterum
1467 1127 1627 1169 intelli-

221 1202 335 1254 gunt
401 1198 638 1239 secundum
704 1196 893 1251 glossam
956 1196 1085 1236 aliam
1147 1198 1192 1236 et
1255 1195 1625 1250 computationem

223 1265 426 1322 Magistri
487 1264 603 1319 quod
645 1278 792 1305 mense
844 1263 1032 1304 secundo
1077 1276 1270 1318 egressus
1316 1265 1381 1304 est
1419 1262 1472 1304 de
1514 1277 1625 1314 arca,

223 1334 270 1375 id
300 1338 366 1375 est
412 1332 542 1382 Maio,
575 1346 690 1373 anno
722 1331 932 1373 revoluto.
996 1330 1084 1372 Sed
1126 1331 1219 1372 haec
1264 1330 1430 1372 habent
1476 1344 1626 1385 quam-

224 1401 433 1457 plurimas
465 1400 814 1443 evidentissimas
857 1399 1080 1449 falsitates,
1113 1402 1291 1455 propter
1332 1398 1626 1453 ignorantiam

225 1469 365 1511 Graeci
411 1472 456 1511 et
504 1467 695 1510 Hebraei.
759 1467 875 1508 Nam
927 1481 1024 1508 cum
1072 1466 1282 1522 Magister
1327 1465 1627 1508 Historiarum

223 1537 340 1587 dicit,
375 1536 491 1592 quod
531 1535 657 1578 Ysasn
698 1538 764 1576 est
805 1535 1019 1576 secundus
1055 1535 1213 1575 mensis
1249 1533 1365 1589 apud
1403 1533 1628 1586 Hebraeos,

222 1604 380 1645 falsum
412 1607 487 1653 est,
522 1603 625 1658 quia
655 1602 802 1643 nullus
834 1602 994 1644 mensis
1027 1602 1188 1643 dicitur
1225 1601 1267 1643 Y
1264 1615 1351 1643 scm
1388 1601 1505 1657 apud
1537 1600 1627 1643 Hc-

222 1671 391 1723 braeos3
435 1670 551 1725 quod
582 1684 669 1711 non
715 1670 855 1711 solum
887 1673 1010 1725 patet
1057 1683 1132 1724 per
1162 1668 1193 1710 J
1196 1668 1342 1711 udaeos
1374 1683 1522 1710 omnes
1554 1668 1628 1724 qui

222 1753 338 1780 nunc
381 1741 494 1788 sunt,
533 1741 577 1779 et
608 1737 796 1788 fuerunt,
833 1737 908 1778 sed
939 1752 1015 1792 per
1047 1735 1245 1778 Bedam2
1276 1736 1324 1777 in
1353 1736 1465 1778 libro
1499 1736 1628 1778 Tem-

223 1821 377 1863 porum
420 1805 588 1861 Majori,
622 1805 699 1846 ubi
731 1805 966 1860 distinguit
1001 1818 1170 1846 menses
1202 1803 1413 1846 Hebraeos
1430 1820 1440 1855 ;
1482 1807 1527 1845 et
1552 1819 1630 1859 per

224 1889 371 1916 omnes
403 1874 479 1929 qui
520 1873 663 1914 sciunt
695 1872 862 1927 aliquid
898 1873 951 1913 de
994 1871 1192 1913 Hebraeo.
1236 1871 1351 1913 Item
1392 1871 1628 1913 secundum

224 1942 509 1991 mendacium,
543 1940 660 1995 quod
711 1941 781 1981 hic
832 1939 992 1981 mensis
1042 1939 1089 1980 in
1141 1953 1224 1993 quo
1275 1938 1361 1980 fuit
1412 1938 1629 1980 diluvium

226 2010 386 2051 dicitur
419 2025 445 2050 a
476 2007 647 2050 Latinis
678 2007 732 2048 M
732 2006 851 2059 cobus,
884 2007 963 2049 1100
999 2006 1157 2048 falsum
1199 2010 1276 2058 est,
1318 2007 1421 2062 quia
1461 2007 1547 2048 fuit
1582 2007 1629 2048 in

224 2076 478 2128 Novembri,
510 2079 562 2117 ut
603 2074 864 2131 probabitur
881 2091 890 2126 3
933 2077 978 2116 et
1021 2074 1259 2116 secundum
1299 2074 1379 2116 1100
1415 2075 1629 2116 mentitur

225 2145 272 2185 in
304 2158 480 2200 egressu
511 2143 608 2185 Noe
640 2143 692 2184 de
724 2157 833 2194 arca,
860 2145 905 2184 et
935 2141 1089 2198 glossae
1111 2141 1374 2184 introductae
1412 2141 1625 2184 similiter.

226 2213 379 2254 Glossa
410 2211 545 2253 etiam
577 2226 675 2267 quae
716 2210 824 2252 dicit
856 2211 972 2265 quod
1014 2209 1159 2251 Maius
1190 2212 1258 2251 est
1287 2208 1443 2252 Nisam
1471 2210 1628 2251 falsum

224 2283 302 2330 est,
351 2279 559 2335 quoniam
600 2278 753 2321 Nisam
797 2281 864 2319 est
910 2277 1086 2333 Aprilis,
1139 2280 1191 2319 ut
1243 2277 1363 2318 Beda
1404 2277 1539 2329 docet,
1583 2281 1628 2319 et

224 2363 371 2390 omnes
403 2346 595 2398 Hebraei‚
629 2349 674 2387 et
705 2348 872 2387 certum
914 2345 1091 2387 cuilibet
1123 2344 1199 2400 qui
1238 2345 1451 2400 intelligit
1482 2345 1629 2401 Scrip-

222 2420 379 2458 turam.
442 2415 558 2455 Nam
588 2414 636 2454 in
667 2413 819 2455 multis
850 2413 954 2455 locis
985 2412 1237 2454 nominatur
1268 2413 1338 2454 hic
1360 2413 1520 2455 mensis
1550 2428 1628 2470 pro

226 2483 382 2539 Aprili.
445 2481 595 2524 Tertio
625 2495 728 2523 vero
758 2481 973 2523 mentitur
1005 2480 1216 2536 Magister
1238 2481 1548 2531 Historiarum,
1580 2481 1628 2522 in

228 2551 309 2594 hoc
340 2550 456 2606 quod
488 2550 606 2603 dicit,
640 2549 756 2605 quod
786 2549 858 2591 hic
878 2549 1037 2591 mensis
1059 2548 1215 2601 Maius,
1248 2549 1410 2592 dicitur
1440 2564 1466 2590 a
1488 2549 1628 2590 Mace-

272 2835 279 2853 ¹
297 2833 489 2876 Josephum]
518 2834 562 2867 A.
577 2833 604 2866 1.
622 2833 642 2866 i.
660 2838 691 2874 3,
709 2838 738 2866 5.
912 2833 919 2875 Ι
1006 2834 1017 2852 2
1033 2832 1176 2876 Bedam]
1196 2833 1248 2866 De
1264 2832 1381 2875 Temp.
1399 2843 1470 2875 cap.
1486 2833 1534 2866 xi.
