1964 3259
133 1015 296 1048 VVhether

134 1062 264 1093 natural
280 1071 318 1092 or

133 1106 324 1140 accidental.

143 1905 205 1946 Obj
211 1905 320 1937 eetion

142 1951 247 1983 stated
259 1950 324 1982 and

142 1996 311 2028 answered
329 2007 335 2026 :

140 2061 184 2083 sc.
202 2051 272 2083 that

141 2096 291 2137 spiritual

140 2140 267 2182 beings,

140 2185 268 2226 though

141 2231 222 2271 they
239 2240 288 2261 re-

140 2275 233 2316 quire
250 2278 308 2305 not

141 2318 227 2350 locus
242 2317 294 2349 sal
298 2336 307 2341 -

142 2374 233 2400 υαης,
248 2373 301 2394 re-

143 2408 236 2449 quire
253 2418 272 2439 a

142 2451 227 2483 lorus
243 2463 314 2484 eon·

145 2497 255 2530 tineus.

356 261 368 301 l
383 258 439 305 74
862 265 1032 297 ROGERI
1065 265 1258 297 mcoms
1645 255 1762 312 [cAP.

347 402 426 430 nec
457 386 773 430 indivisibilem
806 386 1018 440 occupat;
1067 397 1146 424 nec
1178 397 1370 438 praesens
1404 385 1469 424 est
1501 382 1634 424 alicui
1664 383 1758 425 loco

349 456 623 506 naturaliter,
647 458 692 497 et
724 454 778 496 de
810 468 864 502 se,
899 453 975 495 sed
1006 467 1083 508 per
1124 452 1340 504 accidens,
1365 452 1535 493 ratione
1568 452 1763 507 corporis

351 525 472 580 cujus
517 528 584 566 est
630 523 788 565 unitas.
852 521 969 577 Ergo
1016 520 1303 562 manifestum
1353 524 1430 571 est,
1471 520 1588 575 quod
1634 520 1763 576 longe

352 594 497 636 minus
539 592 791 635 substantia
839 589 1090 646 spiritualis,
1127 604 1224 645 quse
1271 604 1298 630 a
1346 603 1524 645 corpore
1569 602 1658 630 non
1691 589 1765 630 de-

353 663 515 719 pendet
562 662 706 716 aliquo
753 659 894 712 modo,
936 657 1120 701 habebit
1171 661 1417 714 respectum
1470 657 1541 699 vel
1594 671 1766 714 compam

353 732 570 774 rationem
602 730 658 772 ad
688 729 833 772 locum
865 728 1145 784 corporalem.

417 801 599 851 Iterum,
624 813 778 855 corpus
809 812 899 840 non
936 797 1070 839 habet
1103 796 1298 852 aliquam
1325 796 1653 853 proportionem
1686 809 1766 837 nec

357 869 725 926 comparationem
751 868 806 909 ad
834 867 975 909 locum
1008 865 1308 923 spiritualem3
1341 879 1442 921 ergo
1474 879 1552 907 nec
1584 864 1766 921 spiritus

357 938 414 981 ad
445 939 587 981 locum
619 936 897 993 corporalem.

419 1007 601 1058 Iterum,
654 1005 794 1047 omnis
845 1019 924 1056 res,
973 1018 1069 1059 quse
1121 1003 1263 1045 locum
1315 1004 1462 1054 habet,
1505 1006 1584 1044 aut
1633 1002 1767 1044 habet

356 1077 499 1119 locum
530 1074 778 1117 naturalem
810 1077 888 1115 aut
920 1072 1261 1123 accidentalem3
1294 1071 1369 1113 sed
1399 1085 1466 1113 res
1498 1085 1595 1126 quae
1632 1071 1767 1112 habet

357 1147 499 1187 locum
541 1143 863 1193 accidentalem,
896 1144 947 1183 ut
978 1141 1101 1196 lapis,
1136 1140 1210 1195 qui
1245 1140 1443 1181 elevatur
1480 1153 1663 1189 sursum,
1701 1141 1766 1180 est

358 1215 420 1256 ibi
451 1228 528 1270 per
557 1212 829 1260 violentiam,
865 1214 909 1252 et
939 1209 1074 1251 habet
1109 1208 1395 1250 necessariam
1432 1207 1766 1249 inclinationem

359 1284 416 1325 ad
446 1283 588 1325 locum
619 1280 878 1323 naturalem.
942 1278 1002 1320 Et
1024 1277 1120 1319 ideo
1154 1292 1281 1318 omne
1314 1276 1430 1332 quod
1461 1276 1595 1317 habet
1625 1276 1767 1317 locum

360 1351 673 1395 accidentalem
714 1350 761 1391 in
803 1351 915 1399 actu,
949 1350 1103 1404 aptum
1145 1349 1302 1387 natum
1337 1349 1402 1387 est
1433 1345 1594 1386 habere
1626 1345 1768 1386 locum

360 1421 621 1472 naturalem,
654 1420 701 1461 in
744 1433 829 1474 quo
871 1414 1094 1467 salvetur,¹
1131 1418 1175 1456 et
1218 1417 1345 1456 extra
1382 1412 1542 1469 quem²
1586 1416 1650 1455 est
1692 1427 1769 1469 per

361 1490 627 1532 violentiam.
693 1488 779 1530 Sed
822 1487 870 1528 in
913 1484 1175 1527 substantiis
1219 1482 1522 1539 spiritualibus
1566 1496 1655 1523 non
1703 1484 1770 1523 est

362 1560 508 1614 aliqua
538 1557 776 1606 violentia3
817 1569 917 1611 ergo
960 1568 1048 1595 non
1090 1555 1270 1608 possunt
1314 1551 1471 1592 habere
1515 1551 1655 1592 locum
1700 1565 1768 1592 ac-

364 1627 634 1669 cidentalem.
699 1624 855 1678 Neque
888 1623 934 1663 in
966 1622 1026 1663 eis
1059 1625 1125 1662 est
1150 1620 1384 1662 necessitas
1416 1618 1767 1670 conservationis,

365 1696 470 1751 quia
512 1692 863 1749 incorruptibiles
907 1693 1010 1732 sunt
1029 1707 1038 1741 3
1083 1703 1184 1745 ergo
1228 1688 1350 1729 nullo
1394 1687 1521 1728 modo
1567 1686 1769 1728 determi-

364 1769 475 1806 nant
519 1762 602 1804 sibi
643 1762 785 1803 locum
827 1759 1086 1811 naturalem,
1120 1761 1164 1799 et
1206 1757 1270 1799 ita
1310 1756 1430 1797 nullo
1471 1755 1600 1797 modo
1637 1755 1768 1796 habe-

364 1834 478 1876 bunt
508 1833 661 1874 locum.

427 1902 474 1944 Si
519 1901 691 1942 dicatur
735 1898 851 1954 quod
895 1896 1145 1938 substantia
1187 1893 1428 1950 spiritualis
1468 1907 1559 1934 non
1600 1892 1771 1948 indiget

365 1972 456 2013 loco
504 1970 702 2011 salvante
750 1967 825 2008 sed
873 1965 1137 2013 continente,
1188 1963 1291 2018 quia
1335 1965 1400 2003 est
1447 1975 1546 2018 pars
1598 1960 1772 2002 univer-

366 2038 512 2082 sitatis
559 2051 718 2088 rerum,
757 2039 802 2077 et
850 2037 976 2076 extra
1020 2033 1177 2074 coelum
1222 2046 1312 2073 esse
1356 2045 1445 2071 non
1492 2028 1662 2085 potest3
1693 2043 1771 2070 nec

366 2109 506 2156 (lebet,
537 2109 582 2148 et
614 2105 711 2146 ideo
743 2103 964 2145 limitatur
986 2101 1079 2157 ejus
1110 2103 1274 2142 natura
1304 2102 1356 2141 ut
1377 2099 1435 2140 sit
1467 2098 1584 2139 infra
1615 2098 1771 2139 coelum

366 2178 572 2219 contenta
588 2177 813 2225 3-contra
833 2172 913 2213 hoc
946 2174 1012 2212 est
1033 2169 1266 2225 multiplex
1288 2167 1411 2209 ratio.
1474 2166 1592 2208 Nam
1614 2166 1771 2208 coelum

365 2246 573 2286 ultimum
605 2243 748 2284 locum
779 2255 867 2281 non
896 2240 1042 2289 habet,
1068 2242 1111 2280 et
1144 2240 1296 2278 tamen
1328 2240 1392 2277 est
1424 2249 1522 2290 pars
1554 2234 1772 2285 universi3

366 2328 444 2354 nec
496 2311 672 2366 aliquod
713 2308 871 2351 coelum
917 2308 1087 2363 indiget
1133 2306 1226 2347 loco
1268 2304 1550 2353 continente3
1592 2302 1694 2357 quia
1736 2302 1772 2342 si

367 2382 525 2424 coelum
566 2379 774 2420 ultimum
810 2391 900 2418 non
931 2379 1044 2417 esset
1076 2375 1128 2416 de
1160 2374 1358 2429 partibus
1389 2370 1584 2412 universi
1615 2370 1772 2411 coelum

367 2448 661 2506 penultimum
712 2446 854 2487 locum
917 2459 1005 2485 non
1066 2443 1260 2490 hal->eren
1325 2454 1406 2482 nec
1459 2438 1768 2488 continentem,

367 2533 446 2560 nec
494 2516 737 2559 salvantem
759 2512 792 2565 34
835 2515 879 2554 et
925 2509 1016 2553 sic5
1053 2525 1132 2552 nec
1177 2510 1228 2552 (16
1273 2508 1418 2564 aliquo
1461 2507 1578 2549 coelo.
1642 2506 1773 2549 Unde

416 2730 423 2746 ’
449 2727 607 2768 salvetur]
635 2726 788 2763 salvatur,
804 2724 844 2755 B.
1066 2722 1074 2751 1
1109 2719 1184 2760 lem]
1211 2723 1242 2750 et
1260 2728 1320 2749 nec
1349 2715 1532 2756 continens,
1550 2726 1611 2747 nec
1635 2715 1774 2753 salvans,

415 2784 426 2802 '·'
450 2780 556 2822 quem]
584 2779 681 2820 quod,
706 2778 744 2809 B.
1107 2773 1145 2804 B.

413 2838 424 2853 ³
450 2834 569 2877 potest]
596 2836 715 2873 posset,
739 2830 778 2861 B.
1153 2826 1164 2843 ⁵
1187 2823 1251 2866 sic]
1279 2834 1342 2856 om.
1359 2822 1399 2854 Β.

419 2889 428 2906 ⁴
453 2898 508 2920 nec
551 2885 766 2924 continentem,
807 2893 864 2916 nec
908 2879 1038 2913 salvan-
