1964 3259
774 275 889 307 orus
919 276 1074 307 MlNUS.
1539 270 1623 309 343

219 389 352 431 tionis
393 390 676 432 historiarum
718 394 762 433 et
803 392 1122 432 sententiarum
1164 394 1376 433 notentur
1427 397 1622 436 auctores
1641 397 1783 449 Vari-ons

218 461 264 499 et
300 461 498 514 tempora
525 473 684 501 eorum.
748 459 807 500 Et
841 459 901 501 sic
935 459 988 500 de
1022 460 1173 501 inultis
1206 475 1302 515 quae
1334 475 1423 501 non
1458 461 1622 504 habent
1640 446 1842 531 ᾗζζδέἓῗξρῗΐ

217 527 583 582 comparationem
636 527 692 568 ad
756 526 840 568 Dei
902 530 1087 569 textum.
1171 527 1446 584 Quapropter
1496 530 1623 586 longe
1643 536 1739 564 tures.

218 595 356 650 inagis
388 595 570 636 sciretm·
609 595 795 650 quando,
838 597 883 636 et
924 610 951 636 a
992 610 1089 651 quo,
1125 598 1169 637 et
1201 597 1323 653 cujus
1360 599 1622 641 auctoritate

216 661 308 704 haec
339 663 587 719 compilatio
631 662 752 704 Sacri
794 663 959 705 Textus
1008 664 1124 705 facta
1165 665 1231 706 sit.
1305 665 1365 706 Et
1406 667 1621 723 pi·aecipue

215 744 313 772 cum
367 732 426 773 sit
476 731 694 773 modicum
735 734 910 787 tempus
960 735 1193 787 postquam
1244 733 1358 774 facta
1411 738 1486 776 est.
1561 735 1620 777 Et

214 801 319 840 sunt
354 798 526 840 circiter
561 799 679 840 mille
717 799 947 855 quingenti
980 800 1086 840 anni
1123 800 1241 855 quod
1262 801 1458 857 Vulgata
1487 803 1620 844 editio

214 867 452 922 composita
508 865 577 916 sit,
631 870 675 908 et
726 866 897 908 circiter
948 867 1068 909 mille
1121 868 1237 923 quod
1284 869 1493 923 quaelibet
1544 871 1621 912 ali-

211 948 346 975 arum.
410 934 470 976 Et
510 937 688 990 propter
727 935 834 976 facti
875 935 1226 991 magnitudinem
1268 952 1403 992 usque
1455 938 1622 981 hodier-

212 1016 318 1043 num
361 1002 478 1044 diem
517 1006 624 1044 nota
664 1006 768 1045 sunt
808 1003 936 1045 nobis
976 1007 1185 1060 tempora,
1237 1007 1280 1046 et
1316 1020 1449 1062 prope
1484 1008 1621 1049 nomi-

211 1073 375 1112 nantur
426 1071 598 1126 quando
651 1074 696 1112 et
747 1086 773 1112 a
825 1072 983 1127 quibus
1035 1076 1139 1114 sunt
1191 1073 1318 1115 factae
1368 1074 1620 1129 hujusmodi

211 1139 533 1191 translationes,
569 1139 682 1181 sicut
717 1139 910 1181 historiae
947 1140 1160 1182 solemnes
1209 1144 1253 1182 et
1287 1143 1425 1183 sancti
1462 1144 1619 1186 docent

212 1206 526 1262 multipliciter.
590 1207 649 1248 Et
685 1208 742 1248 ad
775 1207 855 1249 1100
890 1209 1006 1263 quod
1043 1209 1279 1264 composita
1314 1210 1412 1265 plus
1453 1211 1618 1253 habent

212 1275 265 1316 de
306 1289 397 1316 esse
449 1278 492 1316 et
541 1275 787 1317 bonitatem
841 1290 971 1330 quam
1007 1291 1084 1317 sua
1120 1277 1343 1332 simplicia.
1420 1279 1479 1320 Et
1520 1280 1616 1321 ideo

209 1342 246 1383 si
297 1357 353 1384 ex
403 1342 670 1399 simplicibus
720 1343 1083 1385 translationibus
1133 1359 1221 1386 non
1271 1346 1482 1388 veraciter
1532 1347 1617 1389 fuit

210 1411 484 1463 translatum,
538 1415 650 1453 esset
701 1426 790 1453 una
853 1411 986 1453 editio
1049 1414 1285 1468 composita
1346 1414 1615 1457 falsitatibus

208 1479 437 1534 utriusque
503 1479 707 1535 simplicis
771 1480 1082 1531 translationis,
1147 1495 1341 1523 resecans
1393 1483 1616 1525 celebriori

209 1548 417 1589 memoria
467 1547 547 1589 1100
598 1548 907 1603 compositione
962 1549 1093 1604 digna
1146 1552 1258 1590 esset
1300 1551 1417 1605 quod
1470 1552 1615 1607 aliqua

208 1615 469 1671 simplicium
520 1615 751 1657 translatio
805 1619 850 1658 et
906 1617 1046 1671 magis
1098 1617 1281 1659 sciretur
1329 1619 1473 1673 quoad
1525 1620 1614 1673 ejus

205 1686 378 1739 tempus
424 1686 469 1724 et
510 1686 714 1725 auctores.
777 1683 1054 1740 Quapropter
1095 1684 1168 1726 ille
1217 1685 1292 1740 qui
1344 1700 1438 1727 eam
1484 1688 1615 1744 fingit

205 1752 318 1807 petit
358 1752 631 1807 principium,
680 1756 725 1793 et
766 1753 973 1808 supponit
1021 1753 1138 1808 quod
1189 1754 1373 1809 probare
1424 1755 1612 1798 deberet.

206 1820 265 1862 Et
306 1819 404 1862 ideo
446 1834 536 1861 non
582 1822 648 1861 est
689 1819 938 1875 hujusmodi
982 1822 1199 1863 sententia
1243 1823 1500 1877 recipienda,
1538 1826 1612 1866 sed

205 1902 304 1929 cum
334 1888 393 1930 sit
423 1888 516 1929 sine
547 1888 810 1930 auctoritate
842 1891 886 1930 et
916 1889 1086 1930 ratione
1118 1890 1390 1944 reprobanda
1422 1895 1496 1933 est.

266 1955 353 1997 Sed
382 1956 516 1997 tertio
547 1955 831 2011 probabiliter
863 1959 1008 2011 potest
1040 1956 1154 2012 eligi,
1189 1960 1233 1998 et
1267 1958 1484 2000 solutione
1516 1960 1609 2015 dig-

205 2039 322 2073 num,
361 2024 478 2079 quod
518 2023 672 2064 beatus
714 2023 1013 2079 Hieronymus
1059 2024 1108 2065 in
1156 2025 1443 2081 originalibus
1481 2042 1610 2083 super

204 2094 379 2134 textum
430 2091 556 2147 ponit
594 2091 727 2132 aliam
773 2092 959 2143 literam,
1006 2107 1137 2147 quam
1184 2107 1263 2135 nos
1308 2094 1517 2136 habemus
1560 2097 1607 2136 in

205 2160 362 2201 Bibliis
393 2159 588 2214 antiquis
608 2162 664 2200 ’013
694 2160 831 2201 novis.
895 2160 956 2201 Et
986 2159 1083 2201 ideo
1114 2161 1245 2202 aliam
1277 2164 1606 2205 translationem

203 2228 405 2270 edisserit
427 2231 469 2269 et
502 2228 685 2283 exponit
710 2228 846 2283 juxta
878 2227 1143 2270 Hebraicam
1175 2229 1422 2280 veritatem,
1446 2236 1606 2287 przeter

203 2297 284 2339 hoc
315 2297 433 2352 quod
463 2296 592 2337 simul
623 2299 760 2352 ponat
791 2296 1124 2338 translationem
1165 2297 1468 2355 Septuaginta,
1501 2315 1605 2355 qua-

200 2368 328 2406 tenus
371 2363 575 2405 videatur
622 2364 810 2419 qualiter
861 2364 997 2406 editio
1050 2364 1343 2421 Septuaginta
1389 2367 1603 2410 discordet

201 2434 256 2475 ab
298 2433 516 2475 Hebra‘1'0a
562 2432 762 2482 veritate,
812 2432 1053 2489 adjungens
1100 2437 1249 2476 autem
1291 2436 1602 2479 translationes

200 2501 395 2553 aliorum,
422 2504 472 2542 ut
504 2501 642 2557 magis
673 2501 885 2543 elucescat
915 2501 1081 2543 veritas
1114 2501 1334 2545 Hebra‘i'ca
1364 2519 1495 2560 quam
1527 2521 1601 2547 ex-

201 2570 334 2625 ponit.
398 2569 471 2611 EX
516 2584 601 2625 quo
633 2570 809 2611 videtur
847 2570 963 2624 quod
1006 2584 1104 2611 cuin
1137 2570 1436 2627 Hieronymus
1477 2588 1599 2615 suam

201 2637 264 2678 ibi
314 2640 506 2692 exponat
557 2637 903 2688 translationem,
957 2653 1054 2693 quae
1097 2653 1187 2679 non
1231 2643 1296 2681 est
1342 2640 1417 2681 illa
1468 2656 1598 2696 quam

200 2707 397 2746 tenemus
428 2705 476 2746 in
508 2705 675 2756 Bibliis,
708 2705 753 2747 id
787 2709 852 2747 est
883 2706 1000 2760 quod
1031 2706 1107 2747 illa
1138 2706 1274 2747 editio
1317 2722 1402 2762 qua
1431 2709 1600 2750 utimur

201 2786 291 2812 non
321 2775 387 2813 est
419 2772 712 2828 Hieronymi3
753 2773 829 2814 sed
866 2776 917 2814 ut
947 2773 1160 2815 habeatur
1192 2774 1261 2815 vel
1292 2775 1440 2830 aliqua
1485 2791 1598 2818 coln-·

201 2839 365 2895 pilatio,
414 2840 485 2882 vel
528 2840 615 2883 alia
662 2840 903 2893 translatiO,
950 2855 1218 2897 quaecunque
1261 2842 1320 2885 sit
1363 2844 1447 2886 illa.
1525 2845 1598 2887 Ad
