1964 3259
144 396 201 428 Au
218 407 315 438 genc-

140 442 248 473 ration
266 442 317 481 (ia

141 487 234 526 esse),
250 497 301 518 re-

141 531 222 562 sults
237 531 324 562 from

141 575 196 606 the
213 575 330 614 virtue,

140 629 178 650 or
194 621 322 661 species,

140 664 178 694 of
189 665 245 695 the
261 665 307 696 ef-

140 708 251 740 ficient
269 720 346 751 ope-

141 753 253 795 rating
268 765 311 786 on

141 803 268 831 matter.

142 1011 191 1042 Of
202 1011 244 1042 its
260 1021 336 1052 pro·-

140 1056 295 1097 pagation
308 1068 316 1094 3

144 1908 188 1950 by
207 1907 284 1941 nine

145 1953 323 1991 accidents,

143 1999 209 2028 and
226 1999 270 2039 by
284 1999 327 2029 all

145 2041 293 2082 spiritual

144 2088 208 2117 and
225 2097 299 2118 cor-

145 2132 256 2170 poreal
273 2132 349 2163 subn

145 2181 282 2208 stances.

368 267 452 308 108
861 276 1031 308 110οΕ111
1065 275 1263 308 13110οΝ15
1653 269 1768 326 [CAP.

365 396 408 434 et
450 392 546 434 ideo
596 395 692 434 tota
744 392 966 449 originalis
1017 407 1162 435 rerum
1205 392 1396 449 cognitio
1448 393 1664 450 dependet
1716 411 1771 438 ex,

364 465 487 517 parte
539 460 766 503 efficientis
817 464 862 503 et
914 462 1119 504 materiae.
1214 461 1331 503 Nam
1384 461 1572 504 efficiens
1624 463 1771 505 influit

363 545 486 571 suam
507 530 721 571 virtutem
750 529 796 570 in
828 531 1069 582 materiam,
1108 533 1153 572 et
1184 533 1455 572 transmutat
1477 545 1572 572 eam
1612 546 1768 587 usque-

364 613 447 653 quo
488 614 555 640 res
596 601 836 654 generetur.
915 598 974 640 Et
1015 599 1085 641 hic
1127 603 1230 641 sunt
1273 598 1440 640 radices
1476 600 1615 641 totius
1657 601 1769 656 sapi-

362 667 494 709 entia}
515 681 659 709 rerum
681 670 725 708 et
746 667 1038 719 scientiarum,
1062 671 1239 723 propter
1260 667 1377 723 quod
1399 667 1633 723 diligenter
1652 668 1773 709 volui

362 734 439 776 has
472 735 694 777 revolvere
732 738 776 777 et
807 735 1068 788 examinare,
1093 739 1137 778 et
1169 736 1225 777 ad
1256 750 1408 785 ramos,
1443 735 1514 777 et¹
1550 736 1688 788 flores,
1723 740 1769 778 et

362 804 528 845 fructus
568 803 794 860 applicare.
858 803 918 845 Et
954 804 1211 860 diligentius
1260 803 1411 859 scripsi
1446 804 1499 845 de
1534 804 1625 856 hoc,
1670 805 1772 860 quia

363 872 520 928 vulgus
556 872 754 914 totaliter
796 872 971 928 ignorat
1016 873 1128 915 hanc
1162 871 1445 928 philosophiae
1481 876 1653 928 partem
1695 888 1770 914 no-

362 940 632 993 bilissimam,
660 941 865 997 quoniam
887 955 975 982 non
997 943 1063 982 est
1095 940 1257 996 scripta
1278 940 1395 996 apud
1419 940 1610 983 Latinos.

425 1009 710 1051 Consideravi
738 1010 876 1065 igitur
893 1025 918 1050 a
939 1012 1063 1065 parte
1086 1009 1310 1052 efficientis
1332 1009 1430 1061 tria,
1454 1009 1620 1052 scilicet
1643 1025 1771 1066 gene-

365 1078 580 1120 rationem
603 1077 782 1120 virtutis
811 1077 914 1133 ejus,
938 1081 983 1120 et
1004 1077 1427 1134 multiplicationem,
1452 1082 1497 1120 et
1528 1079 1744 1120 actionem
1765 1094 1774 1130 3

366 1151 410 1190 et
442 1148 554 1189 circa
573 1146 911 1204 generationem,
944 1147 1096 1202 primo,
1123 1146 1229 1202 quid
1261 1147 1319 1188 sit
1350 1146 1435 1187 ista
1466 1147 1619 1199 virtus,
1643 1162 1773 1203 quam

369 1231 496 1258 0111110
538 1230 671 1273 agens
711 1215 862 1257 influit
904 1215 950 1256 in
982 1214 1213 1257 materiam
1255 1214 1302 1256 in
1345 1230 1476 1270 quam
1508 1216 1624 1271 agit3
1668 1231 1772 1271 quo-

368 1286 487 1327 niam
520 1289 586 1327 est
630 1285 810 1327 effectus
854 1283 946 1339 ejus
985 1283 1207 1336 univocus,
1241 1283 1395 1325 similis
1432 1285 1582 1340 agenti
1614 1287 1773 1325 natura

368 1358 413 1396 et
445 1353 715 1395 diffinitione.
779 1353 838 1394 Et
869 1368 967 1395 cum
1003 1356 1184 1394 vocetur
1214 1353 1366 1402 virtus,
1400 1353 1470 1393 vel
1502 1352 1671 1408 species,
1704 1352 1774 1394 vel

368 1423 512 1478 imago
556 1422 739 1478 agentiS,
773 1425 817 1463 et
861 1421 1012 1463 multis
1056 1421 1154 1463 aliis
1191 1419 1471 1473 nominibus,2
1504 1421 1775 1462 consideravi

369 1490 584 1546 quomodo
639 1491 839 1532 educitur
886 1491 932 1531 in
970 1505 1091 1542 esse3
1129 1505 1186 1531 an
1245 1504 1320 1546 per
1357 1489 1683 1546 generationem
1721 1490 1773 1532 de

368 1560 566 1614 potentia
609 1558 818 1610 materiae,
862 1574 919 1600 an
958 1573 1034 1614 per
1073 1559 1245 1600 exitum
1289 1558 1344 1599 ab
1392 1562 1561 1614 agente,
1602 1573 1659 1599 an
1698 1573 1774 1613 per

367 1627 705 1683 impressionem,
760 1627 872 1668 sicut
923 1626 1115 1682 sigillum
1169 1627 1261 1683 agit
1313 1626 1359 1667 in
1411 1642 1564 1669 ceram.
1656 1626 1773 1667 Nam

369 1695 471 1737 11103
509 1698 575 1737 est
612 1710 782 1736 summa
813 1694 1059 1746 difficultas,
1093 1698 1269 1751 propter
1306 1694 1602 1750 ignorantiam
1645 1694 1773 1736 istius

367 1764 504 1819 partis
566 1763 859 1819 philosophiae.
943 1763 1133 1805 Probavi
1194 1767 1343 1804 tamen
1405 1762 1774 1804 certitudinaliter

370 1832 486 1887 quod
525 1831 616 1874 haec
654 1831 796 1873 virtus
834 1831 1036 1873 educitur
1085 1831 1139 1872 de
1176 1831 1377 1887 potentia
1415 1831 1621 1882 materiae,
1661 1831 1774 1872 sicut

368 1900 465 1943 alife
508 1915 576 1941 res
622 1899 886 1941 naturaliter
931 1903 1161 1956 generatae.
1257 1899 1316 1940 Et
1362 1899 1633 1940 consideravi
1675 1914 1772 1954 quie

369 1969 545 2026 agentia
575 1968 744 2010 faciunt
776 1968 946 2025 species,
992 1971 1037 2010 et
1069 1968 1185 2024 quod
1216 1971 1392 2009 tantum
1415 1967 1656 2010 accidentia
1678 1972 1773 2010 octo

368 2037 536 2079 faciunt
568 2037 764 2093 speciem,
798 2037 869 2079 vel
900 2051 1059 2078 novem
1092 2037 1147 2078 ad
1179 2036 1275 2092 plus
1294 2035 1325 2088 34
1362 2036 1536 2085 scilicet,
1569 2036 1770 2088 calidum,

368 2106 588 2162 frigidum,
634 2105 878 2156 humidum,
925 2105 1095 2155 siccum,
1140 2105 1230 2156 luit,
1285 2104 1410 2156 color,
1465 2104 1579 2155 odor,
1633 2120 1769 2161 sapor,

368 2190 505 2217 sonus.
570 2174 656 2216 Sed
700 2178 850 2216 tamen
894 2189 1040 2215 omnes
1084 2173 1354 2224 substantiae,
1388 2177 1481 2214 tam
1525 2173 1773 2229 spirituales

370 2257 499 2300 quani
533 2243 785 2299 corporaleS,
808 2242 975 2284 faciunt
1007 2257 1112 2284 eam.
1177 2242 1346 2297 Species
1378 2241 1493 2282 enim
1517 2242 1773 2283 substantiae

415 2441 488 2481 ¹et]
515 2453 578 2475 om.
605 2443 644 2474 T.
1075 2446 1078 2489 1
1109 2443 1129 2459 “
1153 2451 1219 2472 non
1261 2440 1402 2473 sumitur
1450 2439 1506 2471 hic
1553 2450 1611 2481 pro
1650 2446 1772 2481 quanto

415 2498 427 2514 ²
442 2495 635 2538 nominibus]
670 2497 689 2512 “
705 2494 789 2527 Haec
817 2495 918 2526 virtus
941 2494 1039 2526 habet
1075 2493 1077 2518 ¹
1109 2497 1127 2511 ‘⁴
1151 2493 1331 2525 universali
1347 2493 1434 2534 apud
1450 2493 1674 2535 Porphyrium
1698 2494 1770 2533 (120.

370 2552 390 2566 ‘⁶
415 2550 518 2581 multa
542 2549 698 2586 nomina;
723 2553 861 2580 vocatur
888 2547 976 2579 enim
993 2547 1037 2578 si·
1108 2544 1222 2587 loyical
1261 2546 1410 2587 species),
1452 2546 1509 2577 sed
1552 2545 1771 2577 transumitur

370 2605 389 2620 ‘⁶
413 2602 565 2634 mititudo
604 2600 740 2643 agentis,
780 2606 812 2632 et
849 2600 970 2641 imago,
1006 2605 1038 2632 et
1107 2602 1127 2616 “
1150 2599 1213 2630 hoc
1232 2609 1353 2630 nomen
1378 2599 1419 2630 ad
1447 2598 1687 2639 designandum
1705 2600 1772 2640 pri-

370 2659 389 2673 “
413 2655 548 2696 species,
560 2660 592 2686 et
607 2654 743 2693 idolum,
761 2659 794 2685 et
810 2653 1036 2691 simulacrum,
1107 2655 1125 2669 ‘⁶
1150 2662 1239 2683 mum
1265 2651 1418 2683 effectum
1446 2651 1622 2691 cujuslibet
1645 2652 1772 2693 agentis

370 2712 389 2726 ‘⁶
414 2713 446 2740 et
470 2708 673 2748 phantasma,
690 2712 722 2738 et
738 2707 853 2744 forma,
871 2711 902 2738 et
929 2705 1035 2737 1111011-
1106 2709 1123 2722 “
1148 2704 1510 2745 naturalite1·.”—Opus
1527 2705 1607 2745 Maj.
1621 2716 1651 2746 p.
1667 2708 1740 2737 358.

369 2764 388 2778 “
411 2761 467 2797 tio,
484 2766 516 2792 et
532 2760 649 2801 passio,
667 2765 699 2792 et
714 2759 898 2801 impressio,
916 2764 948 2791 et
964 2769 1034 2790 um·
1149 2760 1160 2777 ³
1176 2757 1241 2800 hic]
1266 2758 1349 2797 haec,
1374 2757 1414 2789 T.

369 2817 388 2831 ‘⁶
413 2815 473 2846 bra
489 2813 771 2855 philosophorum,
784 2812 871 2853 apud
887 2817 1034 2844 auctores
1148 2811 1301 2852 ⁴ft1ciunt
1337 2812 1468 2852 speciem
1501 2834 1638 2844 .....
1674 2810 1766 2854 plus]

369 2870 386 2885 ‘⁴
411 2868 451 2898 de
495 2866 691 2907 aspectibus.
743 2865 874 2907 Species
925 2869 1033 2897 autem
1106 2874 1169 2896 om.
1196 2864 1246 2902 R,
1271 2865 1337 2895 and
1363 2864 1480 2896 inserts
1497 2864 1580 2897 after
1603 2876 1707 2897 sonus.
