1964 3259
758 262 873 295 opus
902 263 1057 295 MINUS.
1523 254 1618 308 359*

202 376 411 432 lapidum,
457 377 626 429 salium,
668 376 937 432 sulphur-um,
984 375 1291 427 11161311110111111,1
1341 378 1606 417 atramento-

204 459 311 495 rum,
337 445 530 487 colorum
561 448 606 488 et
629 445 823 487 oleorum
844 445 1096 495 universim,
1123 447 1168 485 et
1191 447 1447 486 caeterorum
1467 445 1607 485 nomi.—

205 517 437 565 natorum3
499 513 654 556 deinde
687 513 882 555 omnium
913 513 1190 569 planetarum
1221 515 1266 554 et
1308 512 1543 554 herbarum
1564 515 1609 553 et

206 586 475 634 caeterorum,
499 585 544 624 et
574 596 671 637 quae
703 584 940 637 erumpunt
961 582 1012 623 (16
1044 585 1172 631 terra,
1196 595 1294 636 quae
1315 580 1362 621 in
1385 580 1610 636 Scriptura.

205 654 439 707 ponuntur.
511 650 616 692 Post
637 649 728 692 haec
759 650 954 691 omnium
986 650 1242 691 animalium
1264 664 1272 699 ;
1325 652 1369 690 et
1390 652 1608 704 postremo

205 719 483 761 diversitates
525 721 570 760 et
613 717 901 774 proprietates
953 717 1149 759 omnium
1200 717 1437 766 hominum,
1472 720 1517 758 et
1561 717 1608 758 in

203 787 510 843 complexione,
539 789 583 828 et
614 786 661 827 in
691 785 895 836 moribus,
920 788 965 827 et
986 785 1033 826 in
1063 785 1166 836 ritu,
1190 788 1234 826 et
1265 785 1312 825 in
1348 784 1528 836 artibus,
1561 787 1607 826 et

203 854 250 895 in
280 854 482 896 scientiis.
546 853 634 895 Sed
669 853 932 909 paucissima
973 853 1026 894 de
1059 852 1261 894 omnibus
1302 852 1369 893 liis
1411 853 1607 894 sciuntur

203 937 228 964 a
249 922 381 978 vulgo
403 921 715 978 theologorum.
783 921 842 963 Et
872 921 971 963 ideo
1002 921 1049 962 in
1083 935 1211 963 sensu
1242 920 1406 963 literali
1436 934 1606 963 necesse

201 993 268 1032 est
319 990 436 1045 quod
487 989 545 1031 sit
595 1004 713 1032 error
763 989 974 1031 infinitus.
1058 989 1273 1045 Exempla
1324 989 1500 1044 quidem
1553 989 1605 1031 de

201 1058 449 1100 coelestibus
480 1060 525 1100 et
565 1057 840 1114 passionibus
881 1060 1142 1114 temporum,
1175 1061 1220 1100 et
1252 1058 1304 1099 de
1335 1057 1529 1099 numeris
1560 1061 1605 1099 et

201 1126 353 1182 figuris
390 1127 455 1182 [et
487 1126 540 1168 de
571 1126 784 1182 numeris]
818 1129 863 1168 et
896 1126 1186 1176 musica-libus,
1225 1126 1330 1167 satis
1371 1128 1526 1181 patent
1557 1125 1606 1166 in

202 1197 368 1250 septem
408 1194 626 1235 radicibus
667 1194 825 1249 quibus
867 1197 1145 1250 comparatur
1190 1193 1498 1236 mathematica
1548 1193 1605 1234 ad

203 1261 480 1318 theologiam.
544 1262 604 1303 Et
634 1262 682 1303 in
710 1265 868 1318 quarta
899 1265 1023 1318 parte
1055 1262 1196 1318 operis
1229 1262 1282 1304 de
1313 1262 1417 1304 locis
1448 1261 1604 1303 mundi

202 1333 247 1372 et
268 1330 331 1372 ibi
352 1333 396 1372 et
418 1332 520 1372 ante
551 1334 596 1372 et
627 1333 778 1386 postea
809 1330 855 1371 in
888 1345 1048 1387 magna
1074 1331 1208 1386 copia,
1231 1334 1283 1372 ut
1313 1330 1433 1386 prius
1463 1330 1602 1386 tetigi.

264 1398 331 1440 De
373 1397 515 1449 rebus,
542 1397 820 1440 inferioribus
860 1399 1105 1454 exemplum
1149 1398 1430 1454 magnificum
1480 1398 1606 1454 posui

203 1467 251 1508 in
281 1466 461 1509 {estibus
482 1466 614 1507 maris
645 1467 720 1522 qui
742 1466 977 1522 saepissime
998 1467 1276 1522 reperiuntur
1296 1467 1344 1507 in
1366 1466 1604 1522 Scriptura,

203 1534 321 1590 quod
362 1534 552 1576 tractavi
595 1533 642 1575 in
674 1537 832 1589 quarta
874 1537 999 1590 parte
1043 1535 1182 1590 operis
1227 1534 1489 1590 geometrici,
1527 1535 1606 1576 ubi

203 1602 383 1658 angulos
426 1605 470 1644 et
506 1602 668 1658 figuras
712 1601 838 1644 (106111
870 1603 1016 1643 omnia
1060 1603 1215 1644 debere
1247 1603 1456 1658 cognosci,
1519 1602 1606 1644 Sed

201 1671 370 1712 nullum
412 1670 506 1711 vidi
550 1670 626 1725 qui
664 1670 772 1712 sciat
816 1669 914 1712 illos
961 1673 1092 1712 aestus
1137 1670 1223 1712 nisi
1266 1671 1410 1713 virum
1457 1685 1484 1711 a
1520 1685 1604 1726 quo

201 1738 294 1781 haec
359 1736 522 1780 (11(11612
573 1737 804 1780 transactis
856 1738 981 1780 annis
1032 1738 1206 1795 viginti.
1283 1739 1370 1781 Sed
1421 1742 1605 1794 possunt

202 1807 306 1862 poni
337 1807 423 1848 alia
453 1806 656 1863 exempla
687 1820 784 1861 quae
826 1806 1028 1849 similiter
1069 1810 1173 1849 sunt
1203 1807 1332 1850 valde
1365 1807 1605 1849 necessaria

202 1875 434 1931 theologiae
464 1875 578 1917 sicut
610 1873 887 1917 enumeravi3

569 2059 655 2116 [De
686 2073 831 2102 rerum
862 2059 1245 2117 generationibus]
1260 2058 1277 2082 4

264 2135 351 2178 Hic
402 2138 550 2178 autem
596 2137 745 2178 volens
791 2151 950 2193 ponere
992 2136 1227 2179 radicalem
1277 2134 1602 2192 generationem
1622 2141 1779 2183 Specula-

202 2219 347 2249 l‘ci‘iim
408 2206 636 2248 ostendam
688 2206 903 2261 quomodo
954 2220 1010 2247 ex
1061 2203 1288 2247 elementis
1338 2207 1604 2260 generantur

1620 2186 1688 2218 tive
1701 2188 1730 2218 A
1738 2188 1828 2220 lehe-

1619 2242 1686 2273 my,
1705 2243 1742 2263 or
1760 2232 1812 2264 the

202 2273 414 2324 humores,
449 2276 494 2315 et
525 2288 580 2315 ex
611 2273 866 2316 humoribus
897 2272 1043 2316 omnia
1074 2273 1318 2315 inanimata
1338 2271 1603 2329 vegetabilia
1620 2276 1822 2318 elementary

203 2344 248 2384 et
279 2341 487 2384 animalia
517 2345 562 2384 et
591 2342 797 2384 homines.
861 2342 971 2385 Haec
1011 2344 1159 2383 autem
1200 2341 1384 2383 historia
1424 2355 1603 2397 genera-

201 2410 336 2452 tionis
366 2425 512 2453 rerum
543 2414 609 2454 est
639 2411 802 2467 ubique
824 2410 871 2452 in
904 2410 1131 2466 Scriptura
1153 2409 1312 2451 diffusa
1334 2424 1360 2451 a
1391 2409 1604 2466 principio

201 2493 337 2534 usque
368 2480 514 2531 finem,
547 2482 591 2521 et
632 2480 713 2522 hoc
744 2482 810 2521 est
841 2479 1178 2522 fundamentum
1219 2478 1434 2520 naturalis
1464 2478 1604 2534 philo-

202 2548 364 2603 sophiae
414 2548 532 2591 inter
583 2548 765 2591 Latinos
815 2548 1008 2605 vulgatae
1044 2548 1220 2604 insuper
1271 2551 1316 2590 et
1367 2546 1602 2589 medicinae.

250 2755 480 2798 ¹metull01·lc1}1]
508 2767 626 2796 arram,
644 2758 716 2790 MS.
984 2762 994 2777 ·’“
1018 2758 1215 2798 enumeravi]
1237 2756 1417 2788 uncertain.

248 2810 259 2825 ’-’
275 2808 391 2850 didici]
411 2810 516 2841 added
532 2811 566 2840 in
581 2812 711 2853 margin
728 2822 772 2844 sc.
790 2812 869 2843 Rob.
986 2812 994 2827 '¹
1010 2809 1281 2851 yenemtiouibccs]
1303 2809 1342 2841 In
1358 2818 1478 2841 amore
1494 2814 1606 2841 recent

204 2859 462 2893 Lincolnz'ensem.
942 2864 1040 2895 hand.

1621 2320 1800 2362 principles

1622 2365 1660 2397 of
1673 2371 1801 2398 matter.
