<?xml version="1.0" encoding="UTF-8"?>
<!DOCTYPE html PUBLIC "-//W3C//DTD XHTML 1.0 Transitional//EN"
    "http://www.w3.org/TR/xhtml1/DTD/xhtml1-transitional.dtd">
<html xmlns="http://www.w3.org/1999/xhtml" xml:lang="en" lang="en">
 <head>
  <title>
</title>
<meta http-equiv="Content-Type" content="text/html;charset=utf-8" />
  <meta name='ocr-system' content='tesseract 3.04.00' />
  <meta name='ocr-capabilities' content='ocr_page ocr_carea ocr_par ocr_line ocrx_word'/>
</head>
<body>
  <div class='ocr_page' id='page_1' title='image "./frrogeribaconope00baco_0558.png"; bbox 0 0 1964 3259; ppageno 0'>
   <div class='ocr_carea' id='block_1_1' title="bbox 390 276 1796 332">
    <p class='ocr_par' dir='ltr' id='par_1_1' title="bbox 390 276 1796 332">
     <span class='ocr_line' id='line_1_1' title="bbox 390 276 1796 332; baseline 0.001 -17"><span class='ocrx_word' id='word_1_1' title='bbox 390 276 476 316; x_wconf 65' lang='lat'>444</span> <span class='ocrx_word' id='word_1_2' title='bbox 863 286 1035 318; x_wconf 80' lang='lat' dir='ltr'>ROGERI</span> <span class='ocrx_word' id='word_1_3' title='bbox 1067 284 1263 318; x_wconf 73' lang='lat' dir='ltr'>BAcoms</span> <span class='ocrx_word' id='word_1_4' title='bbox 1679 276 1796 332; x_wconf 76' lang='lat' dir='ltr'>[cAP.</span> 
     </span>
    </p>
   </div>
   <div class='ocr_carea' id='block_1_2' title="bbox 377 400 1796 2641">
    <p class='ocr_par' dir='ltr' id='par_1_2' title="bbox 377 400 1796 1694">
     <span class='ocr_line' id='line_1_2' title="bbox 382 400 1796 460; baseline 0.001 -17"><span class='ocrx_word' id='word_1_5' title='bbox 382 400 691 453; x_wconf 69' lang='lat' dir='ltr'><strong>Antichristus,</strong></span> <span class='ocrx_word' id='word_1_6' title='bbox 739 405 953 459; x_wconf 86' lang='lat' dir='ltr'>apostata,</span> <span class='ocrx_word' id='word_1_7' title='bbox 1007 403 1234 460; x_wconf 71' lang='lat' dir='ltr'>apostasia,</span> <span class='ocrx_word' id='word_1_8' title='bbox 1279 403 1512 460; x_wconf 89' lang='lat' dir='ltr'>apostolus,</span> <span class='ocrx_word' id='word_1_9' title='bbox 1563 402 1796 445; x_wconf 85' lang='lat' dir='ltr'>athanatos</span> 
     </span>
     <span class='ocr_line' id='line_1_3' title="bbox 380 469 1794 529; baseline 0 -18"><span class='ocrx_word' id='word_1_10' title='bbox 380 469 650 514; x_wconf 85' lang='lat' dir='ltr'>immortalis.</span> <span class='ocrx_word' id='word_1_11' title='bbox 708 472 907 528; x_wconf 86' lang='lat' dir='ltr'>Baptizo,</span> <span class='ocrx_word' id='word_1_12' title='bbox 931 472 1161 529; x_wconf 85' lang='lat' dir='ltr'>baptisma,</span> <span class='ocrx_word' id='word_1_13' title='bbox 1194 472 1452 528; x_wconf 87' lang='lat' dir='ltr'>baptismus,</span> <span class='ocrx_word' id='word_1_14' title='bbox 1485 470 1659 522; x_wconf 83' lang='lat' dir='ltr'>balista,</span> <span class='ocrx_word' id='word_1_15' title='bbox 1682 470 1794 512; x_wconf 83' lang='lat' dir='ltr'>blas-</span> 
     </span>
     <span class='ocr_line' id='line_1_4' title="bbox 380 539 1794 595; baseline 0 -15"><span class='ocrx_word' id='word_1_16' title='bbox 380 539 549 595; x_wconf 85' lang='lat' dir='ltr'>phemo,</span> <span class='ocrx_word' id='word_1_17' title='bbox 583 540 871 595; x_wconf 84' lang='lat' dir='ltr'>blasphemus.</span> <span class='ocrx_word' id='word_1_18' title='bbox 935 541 1089 583; x_wconf 81' lang='lat' dir='ltr'>Canon</span> <span class='ocrx_word' id='word_1_19' title='bbox 1132 544 1346 583; x_wconf 79' lang='lat' dir='ltr'>secretum</span> <span class='ocrx_word' id='word_1_20' title='bbox 1386 541 1540 589; x_wconf 77' lang='lat' dir='ltr'>missae,</span> <span class='ocrx_word' id='word_1_21' title='bbox 1574 542 1619 580; x_wconf 91' lang='lat' dir='ltr'>et</span> <span class='ocrx_word' id='word_1_22' title='bbox 1651 539 1794 580; x_wconf 86' lang='lat' dir='ltr'>decre-</span> 
     </span>
     <span class='ocr_line' id='line_1_5' title="bbox 380 609 1794 665; baseline 0 -17"><span class='ocrx_word' id='word_1_23' title='bbox 380 610 476 649; x_wconf 86' lang='lat' dir='ltr'>tum</span> <span class='ocrx_word' id='word_1_24' title='bbox 509 611 553 649; x_wconf 91' lang='lat' dir='ltr'>et</span> <span class='ocrx_word' id='word_1_25' title='bbox 585 609 766 665; x_wconf 86' lang='lat' dir='ltr'>regula;</span> <span class='ocrx_word' id='word_1_26' title='bbox 824 609 1092 662; x_wconf 85' lang='lat' dir='ltr'>canonicum,</span> <span class='ocrx_word' id='word_1_27' title='bbox 1142 609 1472 652; x_wconf 86' lang='lat' dir='ltr'>catechuminus</span> <span class='ocrx_word' id='word_1_28' title='bbox 1524 609 1794 659; x_wconf 81' lang='lat' dir='ltr'>instructus3</span> 
     </span>
     <span class='ocr_line' id='line_1_6' title="bbox 382 675 1791 731; baseline -0.001 -14"><span class='ocrx_word' id='word_1_29' title='bbox 382 676 632 728; x_wconf 89' lang='lat' dir='ltr'>catholicus,</span> <span class='ocrx_word' id='word_1_30' title='bbox 684 678 928 720; x_wconf 78' lang='lat' dir='ltr'>encaenium</span> <span class='ocrx_word' id='word_1_31' title='bbox 961 678 1180 720; x_wconf 84' lang='lat' dir='ltr'>dedicatio</span> <span class='ocrx_word' id='word_1_32' title='bbox 1214 678 1405 720; x_wconf 82' lang='lat' dir='ltr'>ecclesiae</span> <span class='ocrx_word' id='word_1_33' title='bbox 1439 679 1483 719; x_wconf 93' lang='lat' dir='ltr'>et</span> <span class='ocrx_word' id='word_1_34' title='bbox 1528 675 1791 731; x_wconf 81' lang='lat' dir='ltr'>hujusmodi.</span> 
     </span>
     <span class='ocr_line' id='line_1_7' title="bbox 382 744 1792 803; baseline -0.001 -17"><span class='ocrx_word' id='word_1_35' title='bbox 382 744 611 787; x_wconf 84' lang='lat' dir='ltr'>Charisma</span> <span class='ocrx_word' id='word_1_36' title='bbox 659 746 837 788; x_wconf 87' lang='lat' dir='ltr'>donatio</span> <span class='ocrx_word' id='word_1_37' title='bbox 881 747 1100 803; x_wconf 84' lang='lat' dir='ltr'>gratuita;</span> <span class='ocrx_word' id='word_1_38' title='bbox 1143 747 1299 788; x_wconf 83' lang='lat' dir='ltr'>chorus</span> <span class='ocrx_word' id='word_1_39' title='bbox 1331 749 1466 788; x_wconf 76' lang='lat' dir='ltr'>caetus</span> <span class='ocrx_word' id='word_1_40' title='bbox 1498 745 1792 802; x_wconf 86' lang='lat' dir='ltr'>psallentium.</span> 
     </span>
     <span class='ocr_line' id='line_1_8' title="bbox 382 812 1793 871; baseline -0.002 -16"><span class='ocrx_word' id='word_1_41' title='bbox 382 813 592 865; x_wconf 86' lang='lat' dir='ltr'>Chrisma,</span> <span class='ocrx_word' id='word_1_42' title='bbox 628 814 839 866; x_wconf 85' lang='lat' dir='ltr'>Christus,</span> <span class='ocrx_word' id='word_1_43' title='bbox 876 815 1222 871; x_wconf 86' lang='lat' dir='ltr'>Chrysostomus.</span> <span class='ocrx_word' id='word_1_44' title='bbox 1287 815 1419 865; x_wconf 87' lang='lat' dir='ltr'>Deus,</span> <span class='ocrx_word' id='word_1_45' title='bbox 1454 813 1665 865; x_wconf 86' lang='lat' dir='ltr'>diabolus,</span> <span class='ocrx_word' id='word_1_46' title='bbox 1700 812 1793 853; x_wconf 85' lang='lat' dir='ltr'>dia-</span> 
     </span>
     <span class='ocr_line' id='line_1_9' title="bbox 379 881 1791 939; baseline -0.002 -15"><span class='ocrx_word' id='word_1_47' title='bbox 379 897 520 924; x_wconf 88' lang='lat' dir='ltr'>conus.</span> <span class='ocrx_word' id='word_1_48' title='bbox 584 883 787 934; x_wconf 73' lang='lat' dir='ltr'>Ecclesia,</span> <span class='ocrx_word' id='word_1_49' title='bbox 826 883 1012 939; x_wconf 80' lang='lat' dir='ltr'>eleyson,</span> <span class='ocrx_word' id='word_1_50' title='bbox 1063 883 1292 936; x_wconf 86' lang='lat' dir='ltr'>elementa,</span> <span class='ocrx_word' id='word_1_51' title='bbox 1339 884 1575 939; x_wconf 86' lang='lat' dir='ltr'>episcopus,</span> <span class='ocrx_word' id='word_1_52' title='bbox 1615 881 1791 937; x_wconf 86' lang='lat' dir='ltr'>epipha-</span> 
     </span>
     <span class='ocr_line' id='line_1_10' title="bbox 379 949 1790 1008; baseline -0.001 -17"><span class='ocrx_word' id='word_1_53' title='bbox 379 951 453 992; x_wconf 91' lang='lat' dir='ltr'>nia</span> <span class='ocrx_word' id='word_1_54' title='bbox 503 951 696 1007; x_wconf 87' lang='lat' dir='ltr'>phanum</span> <span class='ocrx_word' id='word_1_55' title='bbox 749 952 937 1008; x_wconf 87' lang='lat' dir='ltr'>templis.</span> <span class='ocrx_word' id='word_1_56' title='bbox 1024 951 1272 1008; x_wconf 73' lang='lat' dir='ltr'>Gregorius,</span> <span class='ocrx_word' id='word_1_57' title='bbox 1323 951 1549 1002; x_wconf 88' lang='lat' dir='ltr'>heremita,</span> <span class='ocrx_word' id='word_1_58' title='bbox 1603 949 1790 1001; x_wconf 54' lang='lat' dir='ltr'>heresis,</span> 
     </span>
     <span class='ocr_line' id='line_1_11' title="bbox 378 1018 1786 1076; baseline -0.001 -17"><span class='ocrx_word' id='word_1_59' title='bbox 378 1019 580 1074; x_wconf 83' lang='lat' dir='ltr'>hymnus,</span> <span class='ocrx_word' id='word_1_60' title='bbox 628 1020 881 1076; x_wconf 77' lang='lat' dir='ltr'>hypocrisis,</span> <span class='ocrx_word' id='word_1_61' title='bbox 934 1020 1180 1076; x_wconf 86' lang='lat' dir='ltr'>hypocrita.</span> <span class='ocrx_word' id='word_1_62' title='bbox 1264 1019 1413 1062; x_wconf 82' lang='lat' dir='ltr'>Inias¹</span> <span class='ocrx_word' id='word_1_63' title='bbox 1477 1034 1556 1061; x_wconf 88' lang='lat' dir='ltr'>nos</span> <span class='ocrx_word' id='word_1_64' title='bbox 1608 1018 1786 1067; x_wconf 84' lang='lat' dir='ltr'>idolum,</span> 
     </span>
     <span class='ocr_line' id='line_1_12' title="bbox 378 1085 1789 1142; baseline -0.001 -14"><span class='ocrx_word' id='word_1_65' title='bbox 378 1087 594 1140; x_wconf 82' lang='lat' dir='ltr'>idolatria,</span> <span class='ocrx_word' id='word_1_66' title='bbox 628 1088 897 1140; x_wconf 83' lang='lat' dir='ltr'>idolaticum,</span> <span class='ocrx_word' id='word_1_67' title='bbox 931 1089 1119 1142; x_wconf 82' lang='lat' dir='ltr'>ierithia,</span> <span class='ocrx_word' id='word_1_68' title='bbox 1151 1089 1380 1130; x_wconf 89' lang='lat' dir='ltr'>ierithicos.</span> <span class='ocrx_word' id='word_1_69' title='bbox 1466 1087 1680 1138; x_wconf 83' lang='lat' dir='ltr'>Kalenda,</span> <span class='ocrx_word' id='word_1_70' title='bbox 1713 1085 1789 1127; x_wconf 85' lang='lat' dir='ltr'>ka-</span> 
     </span>
     <span class='ocr_line' id='line_1_13' title="bbox 378 1155 1786 1213; baseline -0.001 -17"><span class='ocrx_word' id='word_1_71' title='bbox 378 1156 635 1199; x_wconf 77' lang='lat' dir='ltr'>lendarium,</span> <span class='ocrx_word' id='word_1_72' title='bbox 700 1157 865 1199; x_wconf 81' lang='lat' dir='ltr'>La&#39;icus.</span> <span class='ocrx_word' id='word_1_73' title='bbox 920 1157 1108 1213; x_wconf 85' lang='lat' dir='ltr'>Martyr,</span> <span class='ocrx_word' id='word_1_74' title='bbox 1160 1157 1438 1213; x_wconf 85' lang='lat' dir='ltr'>martyrium,</span> <span class='ocrx_word' id='word_1_75' title='bbox 1506 1155 1786 1204; x_wconf 77' lang='lat' dir='ltr'>mausoleum,</span> 
     </span>
     <span class='ocr_line' id='line_1_14' title="bbox 379 1225 1790 1282; baseline -0.001 -17"><span class='ocrx_word' id='word_1_76' title='bbox 379 1225 523 1276; x_wconf 89' lang='lat' dir='ltr'>melos,</span> <span class='ocrx_word' id='word_1_77' title='bbox 556 1225 752 1276; x_wconf 82' lang='lat' dir='ltr'>melodia,</span> <span class='ocrx_word' id='word_1_78' title='bbox 787 1226 1052 1282; x_wconf 69' lang='lat' dir='ltr'>metropolis,</span> <span class='ocrx_word' id='word_1_79' title='bbox 1085 1225 1335 1276; x_wconf 85' lang='lat' dir='ltr'>monachus,</span> <span class='ocrx_word' id='word_1_80' title='bbox 1367 1225 1639 1280; x_wconf 89' lang='lat' dir='ltr'>mysterium,</span> <span class='ocrx_word' id='word_1_81' title='bbox 1673 1237 1790 1277; x_wconf 88' lang='lat' dir='ltr'>mys-</span> 
     </span>
     <span class='ocr_line' id='line_1_15' title="bbox 379 1292 1787 1347; baseline -0.002 -12"><span class='ocrx_word' id='word_1_82' title='bbox 379 1293 528 1336; x_wconf 86' lang='lat' dir='ltr'>ticum.</span> <span class='ocrx_word' id='word_1_83' title='bbox 613 1293 864 1336; x_wconf 85' lang='lat' dir='ltr'>Nicholaus.</span> <span class='ocrx_word' id='word_1_84' title='bbox 941 1295 1122 1347; x_wconf 90' lang='lat' dir='ltr'>Omelia,</span> <span class='ocrx_word' id='word_1_85' title='bbox 1177 1294 1456 1336; x_wconf 70' lang='lat' dir='ltr'>orthodoxus.</span> <span class='ocrx_word' id='word_1_86' title='bbox 1541 1292 1787 1343; x_wconf 82' lang='lat' dir='ltr'>Paradisus,</span> 
     </span>
     <span class='ocr_line' id='line_1_16' title="bbox 378 1360 1787 1420; baseline -0.002 -16"><span class='ocrx_word' id='word_1_87' title='bbox 378 1377 621 1418; x_wconf 86' lang='lat' dir='ltr'>parasceve,</span> <span class='ocrx_word' id='word_1_88' title='bbox 667 1363 926 1420; x_wconf 88' lang='lat' dir='ltr'>patriarcha,</span> <span class='ocrx_word' id='word_1_89' title='bbox 959 1367 1240 1420; x_wconf 78' lang='lat' dir='ltr'>pentecostes,</span> <span class='ocrx_word' id='word_1_90' title='bbox 1285 1363 1489 1420; x_wconf 88' lang='lat' dir='ltr'>psalmus,</span> <span class='ocrx_word' id='word_1_91' title='bbox 1534 1360 1787 1418; x_wconf 84' lang='lat' dir='ltr'>psalmodia,</span> 
     </span>
     <span class='ocr_line' id='line_1_17' title="bbox 378 1431 1789 1489; baseline -0.003 -15"><span class='ocrx_word' id='word_1_92' title='bbox 378 1432 572 1487; x_wconf 86' lang='lat' dir='ltr'>psallere.</span> <span class='ocrx_word' id='word_1_93' title='bbox 657 1432 970 1489; x_wconf 85' lang='lat' dir='ltr'>Sarcophagus,</span> <span class='ocrx_word' id='word_1_94' title='bbox 1032 1432 1292 1488; x_wconf 87' lang='lat' dir='ltr'>symbolum,</span> <span class='ocrx_word' id='word_1_95' title='bbox 1342 1431 1615 1488; x_wconf 87' lang='lat' dir='ltr'>symphonia,</span> <span class='ocrx_word' id='word_1_96' title='bbox 1661 1444 1789 1485; x_wconf 87' lang='lat' dir='ltr'>syna-</span> 
     </span>
     <span class='ocr_line' id='line_1_18' title="bbox 377 1497 1789 1557; baseline -0.003 -15"><span class='ocrx_word' id='word_1_97' title='bbox 377 1515 499 1557; x_wconf 89' lang='lat' dir='ltr'>goga.</span> <span class='ocrx_word' id='word_1_98' title='bbox 563 1500 717 1556; x_wconf 84' lang='lat' dir='ltr'>Tyara,</span> <span class='ocrx_word' id='word_1_99' title='bbox 742 1502 874 1543; x_wconf 84' lang='lat' dir='ltr'>mitra</span> <span class='ocrx_word' id='word_1_100' title='bbox 904 1501 1194 1557; x_wconf 83' lang='lat' dir='ltr'>pontificalis3</span> <span class='ocrx_word' id='word_1_101' title='bbox 1227 1501 1362 1552; x_wconf 87' lang='lat' dir='ltr'>theos,</span> <span class='ocrx_word' id='word_1_102' title='bbox 1386 1499 1643 1556; x_wconf 81' lang='lat' dir='ltr'>thymiama,</span> <span class='ocrx_word' id='word_1_103' title='bbox 1673 1497 1789 1553; x_wconf 83' lang='lat' dir='ltr'>quod</span> 
     </span>
     <span class='ocr_line' id='line_1_19' title="bbox 378 1567 1788 1618; baseline -0.002 -8"><span class='ocrx_word' id='word_1_104' title='bbox 378 1573 444 1611; x_wconf 88' lang='lat' dir='ltr'>est</span> <span class='ocrx_word' id='word_1_105' title='bbox 475 1570 711 1611; x_wconf 88' lang='lat' dir='ltr'>incensum.</span> <span class='ocrx_word' id='word_1_106' title='bbox 777 1570 892 1612; x_wconf 86' lang='lat' dir='ltr'>Sunt</span> <span class='ocrx_word' id='word_1_107' title='bbox 921 1573 1068 1612; x_wconf 90' lang='lat' dir='ltr'>autem</span> <span class='ocrx_word' id='word_1_108' title='bbox 1100 1569 1188 1611; x_wconf 91' lang='lat' dir='ltr'>alia</span> <span class='ocrx_word' id='word_1_109' title='bbox 1218 1568 1566 1618; x_wconf 83' lang='lat' dir='ltr'>innumerabilia,</span> <span class='ocrx_word' id='word_1_110' title='bbox 1590 1567 1665 1609; x_wconf 82' lang='lat' dir='ltr'>sed</span> <span class='ocrx_word' id='word_1_111' title='bbox 1696 1567 1788 1608; x_wconf 83' lang='lat' dir='ltr'>haec</span> 
     </span>
     <span class='ocr_line' id='line_1_20' title="bbox 377 1638 1000 1694; baseline 0.002 -15"><span class='ocrx_word' id='word_1_112' title='bbox 377 1638 523 1694; x_wconf 87' lang='lat' dir='ltr'>gratia</span> <span class='ocrx_word' id='word_1_113' title='bbox 555 1638 745 1694; x_wconf 83' lang='lat' dir='ltr'>exempli</span> <span class='ocrx_word' id='word_1_114' title='bbox 776 1638 863 1680; x_wconf 90' lang='lat' dir='ltr'>ista</span> <span class='ocrx_word' id='word_1_115' title='bbox 894 1639 1000 1680; x_wconf 89' lang='lat' dir='ltr'>vice.</span> 
     </span>
    </p>

    <p class='ocr_par' dir='ltr' id='par_1_3' title="bbox 377 1704 1789 2641">
     <span class='ocr_line' id='line_1_21' title="bbox 439 1704 1786 1761; baseline -0.003 -12"><span class='ocrx_word' id='word_1_116' title='bbox 439 1706 653 1749; x_wconf 81' lang='lat' dir='ltr'>Similiter</span> <span class='ocrx_word' id='word_1_117' title='bbox 698 1707 941 1749; x_wconf 81' lang='lat' dir='ltr'>scientialia</span> <span class='ocrx_word' id='word_1_118' title='bbox 971 1707 1019 1748; x_wconf 92' lang='lat' dir='ltr'>in</span> <span class='ocrx_word' id='word_1_119' title='bbox 1051 1706 1354 1749; x_wconf 86' lang='lat' dir='ltr'>communibus</span> <span class='ocrx_word' id='word_1_120' title='bbox 1388 1704 1599 1761; x_wconf 72' lang='lat' dir='ltr'>exemplis</span> <span class='ocrx_word' id='word_1_121' title='bbox 1644 1704 1786 1760; x_wconf 87' lang='lat' dir='ltr'>posita</span> 
     </span>
     <span class='ocr_line' id='line_1_22' title="bbox 380 1774 1785 1832; baseline -0.003 -15"><span class='ocrx_word' id='word_1_122' title='bbox 380 1778 514 1827; x_wconf 87' lang='lat' dir='ltr'>sunt;</span> <span class='ocrx_word' id='word_1_123' title='bbox 568 1779 621 1817; x_wconf 91' lang='lat' dir='ltr'>ut</span> <span class='ocrx_word' id='word_1_124' title='bbox 651 1776 955 1832; x_wconf 84' lang='lat' dir='ltr'>grammatica,</span> <span class='ocrx_word' id='word_1_125' title='bbox 986 1775 1283 1832; x_wconf 84' lang='lat' dir='ltr'>alphabetum,</span> <span class='ocrx_word' id='word_1_126' title='bbox 1328 1775 1508 1831; x_wconf 82' lang='lat' dir='ltr'>syllaba,</span> <span class='ocrx_word' id='word_1_127' title='bbox 1558 1774 1785 1828; x_wconf 85' lang='lat' dir='ltr'>orthogra-</span> 
     </span>
     <span class='ocr_line' id='line_1_23' title="bbox 377 1842 1784 1901; baseline -0.002 -17"><span class='ocrx_word' id='word_1_128' title='bbox 377 1843 491 1899; x_wconf 88' lang='lat' dir='ltr'>phia,</span> <span class='ocrx_word' id='word_1_129' title='bbox 555 1844 888 1899; x_wconf 83' lang='lat' dir='ltr'>diasynthetica,</span> <span class='ocrx_word' id='word_1_130' title='bbox 942 1844 1154 1901; x_wconf 80' lang='lat' dir='ltr'>prosodia,</span> <span class='ocrx_word' id='word_1_131' title='bbox 1194 1843 1472 1900; x_wconf 83' lang='lat' dir='ltr'>etymologia,</span> <span class='ocrx_word' id='word_1_132' title='bbox 1507 1842 1784 1892; x_wconf 86' lang='lat' dir='ltr'>soloecismus,</span> 
     </span>
     <span class='ocr_line' id='line_1_24' title="bbox 378 1912 1784 1969; baseline -0.002 -16"><span class='ocrx_word' id='word_1_133' title='bbox 378 1912 621 1964; x_wconf 83' lang='lat' dir='ltr'>antithesis,</span> <span class='ocrx_word' id='word_1_134' title='bbox 656 1927 851 1969; x_wconf 83' lang='lat' dir='ltr'>zeugma,</span> <span class='ocrx_word' id='word_1_135' title='bbox 899 1913 1101 1968; x_wconf 80' lang='lat' dir='ltr'>syntaxis</span> <span class='ocrx_word' id='word_1_136' title='bbox 1134 1912 1250 1968; x_wconf 78' lang='lat' dir='ltr'>quod</span> <span class='ocrx_word' id='word_1_137' title='bbox 1292 1915 1587 1967; x_wconf 89' lang='lat' dir='ltr'>corrumpunt,</span> <span class='ocrx_word' id='word_1_138' title='bbox 1620 1913 1784 1966; x_wconf 88' lang='lat' dir='ltr'>tropus.</span> 
     </span>
     <span class='ocr_line' id='line_1_25' title="bbox 379 1977 1787 2038; baseline -0.003 -17"><span class='ocrx_word' id='word_1_139' title='bbox 379 1981 438 2022; x_wconf 88' lang='lat' dir='ltr'>Et</span> <span class='ocrx_word' id='word_1_140' title='bbox 484 1981 537 2022; x_wconf 88' lang='lat' dir='ltr'>de</span> <span class='ocrx_word' id='word_1_141' title='bbox 583 1981 771 2023; x_wconf 85' lang='lat' dir='ltr'>infinitis</span> <span class='ocrx_word' id='word_1_142' title='bbox 810 1981 859 2023; x_wconf 89' lang='lat' dir='ltr'>in</span> <span class='ocrx_word' id='word_1_143' title='bbox 876 1981 1191 2038; x_wconf 80' lang='lat' dir='ltr'>grammatica.</span> <span class='ocrx_word' id='word_1_144' title='bbox 1256 1980 1470 2023; x_wconf 81' lang='lat' dir='ltr'>Similiter</span> <span class='ocrx_word' id='word_1_145' title='bbox 1504 1979 1655 2035; x_wconf 86' lang='lat' dir='ltr'>logica,</span> <span class='ocrx_word' id='word_1_146' title='bbox 1700 1977 1787 2032; x_wconf 92' lang='lat' dir='ltr'>syl-</span> 
     </span>
     <span class='ocr_line' id='line_1_26' title="bbox 377 2047 1786 2107; baseline -0.002 -17"><span class='ocrx_word' id='word_1_147' title='bbox 377 2049 596 2106; x_wconf 51' lang='lat' dir='ltr'>logismus</span> <span class='ocrx_word' id='word_1_148' title='bbox 640 2050 932 2106; x_wconf 88' lang='lat' dir='ltr'>enthymema,</span> <span class='ocrx_word' id='word_1_149' title='bbox 975 2050 1272 2107; x_wconf 85' lang='lat' dir='ltr'>perlogismus,</span> <span class='ocrx_word' id='word_1_150' title='bbox 1305 2049 1519 2101; x_wconf 85' lang='lat' dir='ltr'>elenchus,</span> <span class='ocrx_word' id='word_1_151' title='bbox 1552 2047 1786 2104; x_wconf 87' lang='lat' dir='ltr'>problema,</span> 
     </span>
     <span class='ocr_line' id='line_1_27' title="bbox 377 2118 1787 2176; baseline -0.003 -17"><span class='ocrx_word' id='word_1_152' title='bbox 377 2118 727 2174; x_wconf 83' lang='lat' dir='ltr'>perihermenias,</span> <span class='ocrx_word' id='word_1_153' title='bbox 787 2119 903 2175; x_wconf 87' lang='lat' dir='ltr'>quod</span> <span class='ocrx_word' id='word_1_154' title='bbox 955 2122 1021 2161; x_wconf 89' lang='lat' dir='ltr'>est</span> <span class='ocrx_word' id='word_1_155' title='bbox 1075 2119 1298 2176; x_wconf 82' lang='lat' dir='ltr'>genitivus</span> <span class='ocrx_word' id='word_1_156' title='bbox 1362 2132 1495 2170; x_wconf 87' lang='lat' dir='ltr'>casus,</span> <span class='ocrx_word' id='word_1_157' title='bbox 1555 2130 1632 2172; x_wconf 90' lang='lat' dir='ltr'>pro</span> <span class='ocrx_word' id='word_1_158' title='bbox 1700 2129 1787 2170; x_wconf 82' lang='lat' dir='ltr'>quo</span> 
     </span>
     <span class='ocr_line' id='line_1_28' title="bbox 377 2184 1787 2243; baseline -0.004 -15"><span class='ocrx_word' id='word_1_159' title='bbox 377 2187 490 2229; x_wconf 90' lang='lat' dir='ltr'>male</span> <span class='ocrx_word' id='word_1_160' title='bbox 532 2187 685 2229; x_wconf 83' lang='lat' dir='ltr'>dicunt</span> <span class='ocrx_word' id='word_1_161' title='bbox 727 2187 1067 2243; x_wconf 80' lang='lat' dir='ltr'>periarmenias3</span> <span class='ocrx_word' id='word_1_162' title='bbox 1114 2186 1271 2243; x_wconf 83' lang='lat' dir='ltr'>topica,</span> <span class='ocrx_word' id='word_1_163' title='bbox 1325 2186 1558 2242; x_wconf 87' lang='lat' dir='ltr'>analytica,</span> <span class='ocrx_word' id='word_1_164' title='bbox 1591 2184 1787 2240; x_wconf 85' lang='lat' dir='ltr'>falsigra-</span> 
     </span>
     <span class='ocr_line' id='line_1_29' title="bbox 377 2255 1789 2311; baseline -0.003 -14"><span class='ocrx_word' id='word_1_165' title='bbox 377 2255 499 2311; x_wconf 88' lang='lat' dir='ltr'>phus,</span> <span class='ocrx_word' id='word_1_166' title='bbox 548 2259 592 2298; x_wconf 89' lang='lat' dir='ltr'>et</span> <span class='ocrx_word' id='word_1_167' title='bbox 642 2256 784 2298; x_wconf 85' lang='lat' dir='ltr'>multa</span> <span class='ocrx_word' id='word_1_168' title='bbox 836 2257 934 2299; x_wconf 91' lang='lat' dir='ltr'>alia.</span> <span class='ocrx_word' id='word_1_169' title='bbox 999 2256 1213 2298; x_wconf 79' lang='lat' dir='ltr'>Similiter</span> <span class='ocrx_word' id='word_1_170' title='bbox 1265 2255 1584 2306; x_wconf 88' lang='lat' dir='ltr'>mathematica,</span> <span class='ocrx_word' id='word_1_171' title='bbox 1619 2266 1789 2309; x_wconf 85' lang='lat' dir='ltr'>geome-</span> 
     </span>
     <span class='ocr_line' id='line_1_30' title="bbox 378 2321 1786 2380; baseline -0.004 -14"><span class='ocrx_word' id='word_1_172' title='bbox 378 2324 499 2376; x_wconf 84' lang='lat' dir='ltr'>trica,</span> <span class='ocrx_word' id='word_1_173' title='bbox 548 2324 835 2375; x_wconf 84' lang='lat' dir='ltr'>arithmetica,</span> <span class='ocrx_word' id='word_1_174' title='bbox 870 2325 1150 2377; x_wconf 86' lang='lat' dir='ltr'>astronomia,</span> <span class='ocrx_word' id='word_1_175' title='bbox 1188 2324 1434 2380; x_wconf 80' lang='lat' dir='ltr'>astrologia,</span> <span class='ocrx_word' id='word_1_176' title='bbox 1468 2323 1643 2373; x_wconf 88' lang='lat' dir='ltr'>musica,</span> <span class='ocrx_word' id='word_1_177' title='bbox 1675 2321 1786 2376; x_wconf 91' lang='lat' dir='ltr'>phy-</span> 
     </span>
     <span class='ocr_line' id='line_1_31' title="bbox 378 2389 1784 2449; baseline -0.004 -15"><span class='ocrx_word' id='word_1_178' title='bbox 378 2392 478 2444; x_wconf 79' lang='lat' dir='ltr'>sica,</span> <span class='ocrx_word' id='word_1_179' title='bbox 521 2393 830 2448; x_wconf 85' lang='lat' dir='ltr'>metaphysica,</span> <span class='ocrx_word' id='word_1_180' title='bbox 885 2393 1037 2445; x_wconf 87' lang='lat' dir='ltr'>ethica,</span> <span class='ocrx_word' id='word_1_181' title='bbox 1091 2393 1280 2449; x_wconf 82' lang='lat' dir='ltr'>politica,</span> <span class='ocrx_word' id='word_1_182' title='bbox 1324 2391 1556 2447; x_wconf 86' lang='lat' dir='ltr'>theologia,</span> <span class='ocrx_word' id='word_1_183' title='bbox 1592 2389 1784 2439; x_wconf 84' lang='lat' dir='ltr'>Genesis,</span> 
     </span>
     <span class='ocr_line' id='line_1_32' title="bbox 379 2459 1780 2514; baseline -0.003 -12"><span class='ocrx_word' id='word_1_184' title='bbox 379 2461 570 2512; x_wconf 74' lang='lat' dir='ltr'>Exodus,</span> <span class='ocrx_word' id='word_1_185' title='bbox 636 2461 871 2513; x_wconf 85' lang='lat' dir='ltr'>Leviticus,</span> <span class='ocrx_word' id='word_1_186' title='bbox 938 2462 1342 2512; x_wconf 87' lang='lat' dir='ltr'>Deuteronomium,</span> <span class='ocrx_word' id='word_1_187' title='bbox 1402 2459 1780 2514; x_wconf 82' lang='lat' dir='ltr'>Paralipomenon,</span> 
     </span>
     <span class='ocr_line' id='line_1_33' title="bbox 379 2526 1786 2586; baseline -0.004 -15"><span class='ocrx_word' id='word_1_188' title='bbox 379 2529 653 2581; x_wconf 88' lang='lat' dir='ltr'>Psalterium,</span> <span class='ocrx_word' id='word_1_189' title='bbox 686 2529 988 2586; x_wconf 82' lang='lat' dir='ltr'>Evangelium,</span> <span class='ocrx_word' id='word_1_190' title='bbox 1013 2528 1326 2586; x_wconf 81' lang='lat' dir='ltr'>Apocalypsis3</span> <span class='ocrx_word' id='word_1_191' title='bbox 1369 2527 1492 2583; x_wconf 84' lang='lat' dir='ltr'>quasi</span> <span class='ocrx_word' id='word_1_192' title='bbox 1524 2527 1571 2568; x_wconf 90' lang='lat' dir='ltr'>in</span> <span class='ocrx_word' id='word_1_193' title='bbox 1603 2526 1786 2583; x_wconf 88' lang='lat' dir='ltr'>singulis</span> 
     </span>
     <span class='ocr_line' id='line_1_34' title="bbox 379 2598 787 2641; baseline 0 0"><span class='ocrx_word' id='word_1_194' title='bbox 379 2598 571 2641; x_wconf 85' lang='lat' dir='ltr'>scientiis</span> <span class='ocrx_word' id='word_1_195' title='bbox 602 2598 787 2641; x_wconf 85' lang='lat' dir='ltr'>infinita.</span> 
     </span>
    </p>
   </div>
   <div class='ocr_carea' id='block_1_3' title="bbox 723 2813 1427 2859">
    <p class='ocr_par' dir='ltr' id='par_1_4' title="bbox 723 2813 1427 2859">
     <span class='ocr_line' id='line_1_35' title="bbox 723 2813 1427 2859; baseline 0.001 -12"><span class='ocrx_word' id='word_1_196' title='bbox 723 2813 729 2834; x_wconf 83' lang='lat'><strong>¹</strong></span> <span class='ocrx_word' id='word_1_197' title='bbox 749 2815 844 2859; x_wconf 72' lang='lat' dir='ltr'>imas]</span> <span class='ocrx_word' id='word_1_198' title='bbox 876 2816 916 2847; x_wconf 88' lang='lat' dir='ltr'>So</span> <span class='ocrx_word' id='word_1_199' title='bbox 935 2815 1020 2855; x_wconf 72' lang='lat' dir='ltr'>MS,</span> <span class='ocrx_word' id='word_1_200' title='bbox 1044 2816 1205 2857; x_wconf 82' lang='lat' dir='ltr'>probably</span> <span class='ocrx_word' id='word_1_201' title='bbox 1222 2815 1427 2855; x_wconf 84' lang='lat' dir='ltr'>imas,-ntos.</span> 
     </span>
    </p>
   </div>
  </div>
 </body>
</html>
