1964 3259
334 267 421 309 494
829 277 1000 309 ROGERI
1033 277 1228 310 ssAcoms
1623 269 1741 326 [CAP.

331 396 376 435 et
406 393 503 435 ideo
533 392 745 449 produxit
783 393 832 435 in
874 393 1087 450 principio
1134 394 1290 436 mundi
1334 393 1502 436 fructus
1546 398 1740 438 maturos

330 461 379 502 in
408 465 613 517 tempore,
638 461 756 517 quod
786 462 1047 504 naturaliter
1077 466 1229 518 postea
1259 463 1500 505 secundum
1531 464 1741 520 temporis

330 529 485 571 seriem
516 529 797 571 observatum
827 534 894 572 est
937 531 985 572 in
1031 531 1317 587 productione
1355 531 1589 574 fructuum.
1654 532 1742 575 Sed

330 597 531 639 videmus
562 598 679 653 quod
709 599 790 640 hoc
827 613 918 640 non
958 602 1023 641 est
1054 599 1102 641 in
1134 600 1308 651 Martio,
1343 615 1423 642 nec
1454 600 1631 657 Aprili3
1663 601 1741 643 sed

331 665 442 707 circa
486 666 621 707 finem
668 665 946 722 Septembris,
994 666 1208 725 [circiter]
1257 668 1458 710 videmus
1502 668 1740 724 perfectam

330 734 633 776 maturitatem
654 734 701 776 in
722 735 925 777 omnibus
956 749 1057 788 esse,
1081 739 1126 778 et
1156 751 1372 793 nusquam
1402 737 1451 778 in
1472 737 1634 780 Martio
1665 752 1744 780 nec

331 804 485 860 Aprili.
549 805 609 847 Et
639 805 699 847 sic
730 810 795 848 est
831 806 879 847 in
910 806 1042 849 Terra
1074 807 1246 858 Sancta,
1280 810 1472 850 testante
1505 807 1741 864 Scriptura.

331 875 391 918 Et
422 876 639 933 peregrini
670 877 746 932 qui
776 877 839 919 ibi
860 877 1038 920 fuerunt
1058 879 1150 921 haec
1171 882 1402 921 testantur.
1467 879 1743 936 Quapropter

330 944 443 986 circa
472 945 605 987 finem
644 945 915 1002 Septembris
962 950 1027 988 est
1058 947 1325 1003 principium
1372 947 1478 988 anni
1525 948 1738 1000 naturale,

330 1013 442 1054 sicut
472 1013 559 1054 fuit
589 1013 636 1054 in
665 1013 880 1070 principio
918 1015 1100 1066 mundi3
1153 1019 1198 1057 et
1244 1016 1325 1058 hoc
1370 1020 1436 1058 est
1466 1016 1739 1067 rationabile,

330 1081 433 1136 quia
464 1095 533 1122 ars
564 1084 609 1123 et
639 1084 798 1123 natura
827 1082 1100 1124 concordant.
1163 1082 1286 1125 Tunc
1319 1083 1435 1125 enim
1468 1087 1534 1126 est
1564 1087 1739 1141 tempus

329 1149 528 1190 naturale
579 1152 631 1191 ut
681 1149 848 1191 semina
898 1149 1186 1206 projiciantur
1237 1151 1286 1192 in
1337 1154 1511 1202 terram,
1576 1154 1620 1194 et
1671 1167 1741 1194 ars

329 1217 523 1259 humana
554 1217 809 1274 exsequitur
847 1221 892 1260 et
930 1222 1036 1260 tunc
1067 1218 1125 1261 sit
1155 1219 1423 1275 principium
1470 1219 1739 1275 producendi

329 1301 465 1329 novos
495 1286 662 1329 fructus
692 1290 831 1337 terrae,
854 1291 1033 1343 propter
1063 1287 1310 1330 naturalem
1341 1288 1481 1329 vitam
1511 1287 1740 1330 hominum

330 1355 601 1398 servandam.
664 1355 751 1398 Sed
782 1355 860 1397 ubi
898 1359 963 1398 est
1009 1355 1274 1412 principium
1321 1360 1492 1398 naturae
1540 1359 1584 1398 et
1617 1357 1736 1410 artis,

328 1424 392 1466 ibi
436 1424 567 1466 debet
617 1438 708 1466 esse
758 1423 1023 1480 principium
1074 1424 1292 1481 temporis,
1336 1425 1572 1466 secundum
1624 1426 1740 1481 quod

329 1493 600 1549 operationes
650 1496 820 1534 naturae
873 1495 918 1534 et
969 1493 1075 1535 artis
1127 1494 1430 1535 attenduntur.
1530 1493 1590 1535 Et
1640 1494 1738 1536 ideo

328 1561 528 1603 naturale
559 1560 824 1617 principium
849 1561 1058 1617 temporis
1091 1565 1135 1604 et
1165 1562 1271 1603 anni
1303 1564 1368 1604 est
1400 1560 1573 1604 circiter
1604 1562 1738 1605 finem

331 1630 610 1686 Septembris.
672 1629 789 1670 Item
821 1629 1052 1671 orientales
1084 1633 1128 1671 et
1165 1629 1397 1671 meridiani
1427 1633 1598 1685 ponunt
1628 1633 1737 1673 tem-

330 1700 446 1756 poris
508 1699 772 1756 principium
834 1713 964 1755 penes
1027 1699 1330 1755 Septembrem
1392 1702 1437 1741 et
1490 1698 1734 1742 Octobrem.

331 1768 481 1810 Etiam
532 1767 770 1809 astronomi
823 1771 867 1809 et
920 1782 1068 1809 omnes
1120 1768 1344 1823 sapientes.
1439 1767 1551 1809 Cum
1602 1768 1738 1824 igitur

330 1836 568 1878 astronomi
599 1835 870 1877 considerent
901 1838 1074 1891 tempus
1103 1835 1432 1886 rationabiliter,
1457 1836 1559 1891 quia
1589 1851 1737 1878 eorum

332 1909 397 1947 est
448 1905 663 1961 praecipue
727 1904 996 1946 considerare
1060 1907 1257 1960 tempora
1324 1908 1368 1946 et
1433 1904 1738 1947 renovationes

332 1988 480 2016 eorum
513 1988 609 2030 quae
641 1973 689 2014 in
720 1973 829 2015 coelo
868 1973 1140 2029 contingunt,
1189 1972 1471 2014 manifestum
1519 1976 1584 2015 est
1629 1976 1738 2015 tem-

330 2043 446 2098 poris
476 2042 740 2098 principium
772 2041 1031 2083 naturaliter
1070 2041 1225 2083 debere
1269 2055 1357 2082 esse
1401 2041 1570 2083 circiter
1610 2041 1739 2084 Octo-

329 2112 453 2154 brem
484 2114 528 2152 et
558 2125 647 2151 non
678 2124 808 2166 penes
841 2109 1053 2151 Martium
1086 2124 1164 2151 nec
1196 2109 1402 2165 Aprilem.
1468 2109 1555 2151 Sed
1599 2111 1729 2153 multi

331 2180 589 2221 Latinorum
633 2178 830 2220 sentiunt
869 2178 1135 2220 contrarium
1173 2177 1312 2234 hujus,
1355 2181 1566 2234 ponentes
1612 2193 1730 2221 crea-

329 2249 494 2290 tionem
537 2246 691 2289 mundi
736 2246 869 2287 fuisse
916 2246 962 2287 in
995 2246 1157 2287 Martio
1189 2250 1233 2288 et
1284 2246 1331 2287 in
1364 2261 1498 2288 verno
1530 2250 1734 2303 tempore.

332 2317 458 2369 Quod
490 2316 592 2371 quia
622 2330 711 2356 non
740 2315 874 2356 habet
905 2315 1212 2356 auctoritatem
1234 2329 1288 2356 ex
1311 2314 1546 2370 Scriptura,
1570 2330 1649 2357 nec
1681 2330 1737 2357 ex

329 2384 522 2439 antiquis
553 2383 757 2433 scientiis,
790 2383 924 2424 immo
957 2385 1023 2424 est
1055 2386 1206 2424 contra
1239 2382 1522 2438 Scripturam,
1548 2386 1592 2424 et
1614 2383 1737 2425 Jose-

329 2452 478 2508 phum‚
511 2455 555 2493 et
587 2451 924 2505 Hieronymum,
971 2453 1023 2491 ut
1069 2449 1190 2505 prius
1240 2451 1491 2505 expositum
1538 2454 1612 2501 est,
1647 2466 1736 2493 non

331 2523 501 2576 oportet
533 2519 649 2574 quod
681 2533 830 2560 eorum
877 2517 1084 2573 positioni
1141 2517 1425 2569 adhaereatur,
1460 2518 1535 2573 qui
1577 2519 1737 2574 princi-

331 2590 454 2645 pium
484 2587 638 2630 mundi
669 2590 841 2643 ponunt
878 2586 926 2627 in
959 2585 1120 2627 Martio
1152 2586 1223 2627 vel
1254 2585 1409 2641 Aprili.
1475 2586 1545 2627 Ex
1578 2587 1735 2642 quibus

333 2657 528 2713 sequitur
564 2655 756 2706 tertium,
791 2654 907 2710 quod
951 2668 1098 2695 omnes
1145 2654 1490 2710 computationes
1522 2669 1736 2697 annormn

333 2741 359 2767 a
389 2725 602 2782 principio
634 2723 799 2774 numdi,
833 2737 929 2779 quae
961 2722 1183 2778 pertinent
1212 2723 1267 2764 ad
1301 2722 1536 2778 Scripturae
1568 2724 1734 2775 seriem,

335 2798 380 2836 et
409 2809 486 2850 per
525 2806 788 2848 consequens
828 2805 975 2833 omnes
1014 2794 1167 2833 {etates
1205 2795 1250 2833 et
1296 2791 1462 2843 saecula,
1496 2805 1632 2847 usque
1679 2792 1735 2833 ad

338 2862 572 2914 Christum,
597 2861 758 2904 debent
789 2859 1050 2903 considerari
1081 2874 1211 2917 penes
1232 2859 1478 2913 Octobrem,
1502 2863 1580 2903 aut
1611 2860 1738 2903 aliter
