1964 3259
186 242 294 297 xm]
701 250 815 281 opus
847 249 1060 280 TERTIUM.
1500 240 1582 280 143

185 372 365 420 motum,
399 371 443 409 et
474 367 571 409 ideo
603 380 692 407 non
722 368 980 406 numeratur
1011 378 1086 420 per
1118 378 1221 405 eam.
1299 364 1385 405 Sed
1418 366 1588 420 oportet
1606 368 1735 420 Mofion

185 438 244 479 sio
275 437 390 488 dioi3
423 450 549 477 omne
581 433 947 476 dimensionatum
980 446 1005 472 a
1036 435 1159 487 parte
1191 446 1251 482 ea,
1285 446 1371 487 qua
1401 446 1491 473 non
1523 436 1588 474 est
1604 414 1730 490 ξῑιζέξεῑ
1746 419 1779 446 to

185 505 563 554 dimensionatum,
608 501 871 557 compatitur
922 514 1065 545 seeum
1118 497 1247 541 aliud.
1327 499 1394 541 Ut
1445 500 1588 556 plures

185 573 429 630 superficies
461 573 641 628 possunt
672 569 802 611 simul
834 582 923 610 esse
966 568 1204 610 secundum
1235 568 1514 624 profundum,
1546 571 1590 609 et

184 643 329 699 plures
372 641 497 682 lineae
541 638 777 680 seeundum
820 637 959 678 latum
1002 640 1046 678 et
1077 636 1353 692 profundum,
1388 640 1432 678 et
1463 636 1588 692 plura

185 713 348 767 puncta
394 707 629 751 secundum
676 720 849 748 omnem
892 705 1218 747 dimensionem.
1287 703 1373 748 Sed
1415 720 1593 761 corpora

186 779 311 836 plura
331 792 430 826 non,
455 776 558 831 quia
587 774 781 829 undique
813 773 980 815 habent
1011 773 1328 815 dimensionem
1361 788 1437 829 per
1461 788 1593 829 quam

186 846 408 902 quodlibet
452 843 647 886 excludit
693 842 822 883 aliud.
887 841 1035 883 Motus
1079 844 1227 883 autem
1272 842 1412 883 omnis
1455 841 1593 883 habet

186 913 498 956 dimensionem
543 910 676 952 solam
720 910 941 959 linearem,
986 909 1223 952 secundum
1270 909 1594 965 longitudinem

185 981 342 1038 spatii3
376 983 420 1022 et
450 980 530 1022 hoe
562 994 638 1035 per
670 979 896 1021 decursum
929 992 955 1019 a
986 978 1119 1034 priori
1151 978 1197 1019 in
1228 977 1458 1034 posteriuS,
1494 981 1539 1020 et
1570 993 1596 1020 a

184 1049 404 1107 praeterito
436 1049 482 1090 in
513 1047 719 1089 futurum.
799 1047 915 1102 Ergo
948 1047 1186 1088 seeundum
1219 1047 1590 1102 comparationem

184 1119 240 1161 ad
271 1131 459 1174 preesens
490 1131 578 1158 non
611 1115 812 1158 excludet
845 1130 958 1157 unus
991 1114 1150 1156 alium.1
1251 1115 1367 1171 Ergo
1400 1130 1497 1157 oum
1530 1116 1589 1157 sie

185 1187 329 1244 plures
376 1188 557 1242 possunt
604 1199 705 1236 esse,
756 1187 800 1226 et
847 1198 932 1239 qua
978 1184 1147 1225 ratione
1195 1184 1292 1233 duo,
1327 1187 1371 1225 et
1415 1187 1514 1235 tres,
1550 1188 1594 1226 et

187 1259 383 1311 quatuor,
415 1257 458 1296 et
489 1253 666 1302 infiniti,
692 1256 863 1308 oportet
896 1253 1011 1308 quod
1043 1266 1181 1293 unum
1212 1255 1384 1307 tempus
1410 1267 1592 1294 numero

187 1337 375 1379 praesens
421 1322 478 1364 sit
526 1321 721 1363 omnium
767 1321 898 1361 simul
943 1320 1227 1362 existentium
1259 1323 1468 1362 motuum.
1533 1321 1592 1362 Et

188 1392 224 1432 si
276 1391 444 1432 dicatur
492 1390 609 1445 quod
661 1389 858 1430 accidens
909 1391 1166 1430 numeratur
1217 1403 1242 1430 a
1293 1389 1593 1431 numeratione

189 1459 383 1514 subjecti,
433 1472 532 1514 ergo
579 1462 751 1513 tempus
793 1457 1095 1498 numerabitur
1147 1457 1384 1498 seeundum
1439 1472 1589 1500 nume-

188 1528 401 1570 rationem
453 1529 664 1574 motuum,
720 1525 949 1567 dicendum
1003 1528 1078 1577 est,
1134 1525 1249 1580 quod
1301 1529 1365 1567 est
1418 1526 1592 1581 aliquod

189 1595 385 1637 accidens
433 1594 549 1649 quod
591 1594 774 1635 debetur
815 1593 1034 1647 aliquibus
1075 1608 1151 1648 per
1192 1593 1371 1634 modum
1413 1594 1593 1635 diversi-

188 1663 304 1711 tatis,
339 1664 383 1704 et
416 1661 654 1709 divisionis,
691 1664 734 1702 et
766 1660 1071 1712 distinctionis,
1105 1661 1152 1702 in
1183 1665 1398 1716 quantum
1431 1663 1592 1704 scilicet

189 1731 361 1773 diversa
397 1733 510 1779 sunt,
546 1732 590 1771 et
634 1729 852 1779 distincta,
887 1732 931 1770 et
978 1729 1146 1778 divisa3
1179 1734 1224 1771 et
1266 1730 1352 1771 tale
1398 1731 1595 1772 accidens

188 1801 446 1840 numeratur
493 1813 518 1839 a
565 1797 871 1839 numeratione
919 1811 1065 1839 rorum
1112 1798 1159 1838 in
1212 1798 1368 1853 quibus
1421 1802 1496 1847 est,
1552 1803 1596 1840 et

169 1867 438 1922 -hujusmodi
487 1869 553 1907 est
600 1880 725 1906 omne
773 1865 969 1907 accidens
1022 1870 1180 1921 praeter
1230 1866 1344 1916 tria3
1408 1865 1597 1916 seilicet,2

190 1936 278 1987 ubi,
313 1938 356 1976 et
388 1939 570 1989 tempus,
607 1937 650 1975 et
682 1948 835 1975 aevum.
900 1932 1016 1974 Nam
1061 1933 1142 1975 ubi
1186 1937 1252 1975 est
1295 1934 1492 1975 accidens
1536 1935 1597 1975 rei

191 2004 372 2054 locatae3
426 2002 547 2044 locus
600 2004 665 2043 est
717 2001 913 2043 accidens
964 2001 1026 2043 rei
1078 2001 1260 2043 loeantis
1282 2001 1314 2053 33
1366 2006 1409 2043 et
1460 2017 1595 2044 unum

191 2072 336 2113 locans
379 2073 424 2112 et
466 2084 579 2111 unus
621 2070 739 2111 loeus
780 2072 965 2125 possunt
1003 2084 1093 2112 esse
1130 2070 1322 2126 plurium
1354 2085 1512 2123 rorum,
1544 2074 1596 2112 ut

192 2139 467 2180 infinitarum
499 2137 823 2193 superficierum
866 2138 1103 2180 seeundum
1147 2138 1424 2194 profundum,
1459 2142 1502 2180 et
1532 2140 1597 2180 in-

192 2206 418 2249 finitarum
450 2206 665 2247 linearum
696 2206 933 2248 seeundum
965 2206 1103 2248 latum
1135 2210 1180 2248 et
1211 2207 1485 2262 profundum.
1538 2208 1597 2249 Et

194 2275 291 2317 ideo
336 2289 473 2316 unum
521 2273 603 2316 ubis
641 2275 824 2316 debetur
860 2275 1057 2330 pluribus
1098 2275 1407 2331 superficiebus
1448 2290 1595 2317 seeun-

196 2344 300 2385 dum
333 2342 613 2399 profundum,
647 2346 690 2384 et
722 2343 920 2384 similiter
951 2343 1148 2399 pluribus
1192 2343 1316 2385 lineis
1360 2345 1596 2386 secundum

190 2412 468 2468 profundum,
502 2415 546 2453 et
578 2411 813 2453 secundum
845 2411 994 2453 latum.
1079 2411 1193 2464 Quia
1223 2412 1283 2454 sio
1315 2416 1418 2454 sunt
1449 2427 1594 2469 super-

190 2480 307 2522 ficies
358 2479 650 2521 indivisibiles
703 2483 747 2521 et
788 2479 1056 2522 indistinctae
1101 2484 1298 2523 carentes
1351 2481 1594 2533 divisione3

194 2551 238 2589 et
269 2548 366 2590 ideo
398 2547 582 2590 debetur
613 2547 673 2589 eis
704 2546 808 2590 ufbi‘*
839 2563 916 2604 per
946 2552 1152 2590 naturam
1195 2549 1370 2591 unionis
1404 2554 1449 2592 et
1479 2550 1592 2592 indi-

238 2744 405 2778 ¹excludct
435 2759 516 2779 unns
550 2747 665 2790 allum]
715 2749 859 2781 excludit
973 2747 1152 2790 2l00a21tis]
1180 2749 1311 2787 locanti,
1336 2749 1373 2782 L.
1399 2749 1437 2781 B.

192 2804 319 2830 motum
343 2799 442 2838 aliud,
465 2801 503 2832 B.

235 2850 396 2892 ²scilicet]
421 2862 485 2884 om.
510 2852 550 2884 T.
974 2854 984 2871 ‘¹
1003 2852 1071 2897 ιιόί]
1099 2864 1162 2886 om.
1188 2853 1228 2886 T.
