1964 3259
230 257 380 313 LXIX]
742 266 856 297 opus
887 265 1097 296 TERTIUM.
1544 253 1624 292 281

227 386 319 427 haeo
362 388 467 427 suut
510 383 737 427 horribilia
780 397 836 425 ex
876 398 932 432 se,
964 384 1069 423 sunt
1100 379 1239 436 magis
1271 380 1409 421 stulta
1441 382 1484 420 et
1518 379 1630 420 deri-

227 453 346 495 sione
379 453 522 510 (ligna,
556 453 659 508 quia
689 455 864 508 propter
895 449 1193 506 ignorantiam
1225 451 1270 490 et
1311 447 1627 503 negligentiam

228 521 426 563 diabolus
468 520 722 578 procuravit
773 518 888 574 quod
930 518 991 560 sic
1037 517 1250 560 accideret
1297 516 1381 558 Dei
1429 515 1627 557 ecclesiae.

230 590 347 631 Nam
399 605 487 632 non
539 590 757 646 oporteret
801 586 934 638 aliud,
998 586 1083 629 nisi
1135 584 1252 641 quod
1318 584 1632 626 certificaretur

229 660 334 701 anni
391 658 617 714 quantitas
660 660 705 699 et
750 655 1072 711 aequinoctium.
1163 654 1223 696 Et
1268 653 1306 695 si
1352 652 1630 710 peritissimis

231 727 492 770 astronomis
567 740 656 767 non
723 724 965 781 denegatur
1036 722 1291 765 certificatio
1366 721 1634 777 quantitatis

231 796 347 847 anni,
385 799 534 837 tamen
565 793 733 836 facilius
770 796 836 835 est
867 791 1104 834 certificare
1146 789 1489 847 aequinoctiu1n3
1534 789 1635 844 quia

232 880 307 921 per
338 870 513 906 centum
546 866 591 905 et
622 862 792 905 circiter
821 861 987 918 viginti
1018 875 1157 903 annos
1189 875 1278 902 non
1309 862 1512 901 mutatur
1552 857 1637 898 nisi

234 949 309 989 per
340 948 479 974 unum
511 932 640 983 diem,
673 931 912 973 secundum
945 929 1195 986 opinionem
1226 928 1364 984 magis
1406 927 1637 983 probatam

233 1016 350 1043 nunc
381 1001 545 1043 diebus.
610 1001 669 1041 Et
701 1000 882 1041 daretur
913 1013 983 1040 ars
1015 998 1069 1039 de
1099 998 1210 1049 hoc3
1257 1002 1302 1038 et
1340 996 1475 1038 etiam
1519 995 1639 1036 inve-

234 1070 404 1111 niretur
435 1069 747 1125 {equinoctium
779 1083 856 1124 per
887 1066 1045 1110 saecula
1076 1066 1237 1114 futura,
1260 1079 1397 1121 usque
1429 1064 1476 1105 in
1507 1064 1639 1104 finem

233 1138 386 1179 mundi
417 1142 461 1180 et
493 1138 620 1186 ultra,
655 1137 772 1193 quod
804 1136 927 1178 facile
960 1139 1056 1187 est3
1101 1138 1146 1176 et
1186 1135 1345 1176 fierent
1387 1133 1551 1175 tabulae
1595 1134 1641 1173 et

234 1221 419 1249 canones
464 1206 517 1247 de
559 1206 651 1257 hoc,
685 1209 729 1247 et
770 1205 1062 1247 scriberentur
1106 1218 1183 1259 per
1225 1206 1366 1244 totam
1416 1200 1639 1242 ecclesiam

239 1275 334 1327 Dei,
368 1279 412 1316 et
443 1278 708 1330 ponerentur
740 1288 837 1315 cum
868 1272 1136 1322 kalendario,
1170 1274 1215 1313 et
1257 1275 1363 1312 tunc
1399 1284 1488 1311 non
1531 1269 1638 1310 acci-

238 1344 359 1385 deret
389 1343 755 1399 impedimentum
788 1343 833 1383 in
864 1342 944 1383 hac
976 1344 1111 1397 parte.
1177 1339 1239 1381 Et
1277 1339 1479 1380 similiter
1519 1337 1639 1378 aliud

239 1411 553 1467 aequinoctium
584 1410 775 1453 inveniri
806 1410 953 1466 possit,
999 1413 1044 1451 et
1079 1408 1268 1450 solstitia
1310 1407 1363 1448 de
1407 1406 1553 1457 facili;
1596 1409 1640 1447 et

235 1480 376 1522 omnis
408 1494 525 1521 error
555 1479 602 1520 in
633 1479 700 1521 his
732 1479 785 1520 de
817 1478 934 1519 facili
966 1480 1264 1528 evacuaretur,
1300 1476 1355 1517 ad
1386 1475 1560 1516 laudem
1593 1478 1638 1515 et

238 1549 443 1590 honorem
477 1547 573 1599 Dei,
607 1551 651 1589 et
682 1548 911 1589 tolleretur
942 1546 1123 1587 infamia
1160 1548 1206 1586 et
1247 1544 1511 1593 scandalum,
1546 1557 1642 1597 quac

239 1616 373 1659 nunc¹
410 1615 761 1672 multiplicantur
791 1615 907 1671 apud
939 1629 1086 1656 omnes
1118 1613 1415 1669 computistas,
1439 1615 1483 1654 et
1508 1615 1644 1652 astro-

241 1699 403 1736 nomos,
436 1688 480 1726 et
511 1684 738 1740 sapientes,
776 1687 955 1740 propter
997 1696 1175 1732 errores,
1209 1681 1285 1737 qui
1317 1680 1363 1722 in
1406 1681 1487 1722 hac
1518 1683 1643 1736 parte

241 1753 415 1810 vulgari
446 1752 502 1795 ab
535 1752 713 1795 ecclesia
744 1751 1076 1809 permittuntur.

820 1993 925 2038 CAP.
948 1992 1081 2036 LXX.

309 2106 402 2148 SED
464 2105 605 2162 majus
666 2105 979 2147 inconveniens
1052 2103 1210 2146 accidit
1270 2117 1327 2145 ex
1388 2101 1649 2159 primatione

250 2175 480 2230 designata
523 2190 600 2231 per
647 2189 827 2216 aureum
873 2187 1103 2215 numerum
1147 2172 1194 2213 in
1236 2171 1517 2221 kalendari03
1548 2186 1649 2212 nam

248 2244 435 2299 quilibet
470 2246 615 2299 potest
655 2243 803 2284 videre
849 2241 906 2283 ad
953 2242 1135 2292 oculum,
1179 2240 1216 2282 si
1257 2240 1440 2296 aspiciat
1481 2239 1649 2291 coelum,

250 2312 366 2367 quod
409 2311 514 2352 luna
557 2314 623 2352 est
662 2311 804 2367 prima
853 2310 1089 2352 secundum
1140 2308 1404 2351 veritatem2
1445 2323 1521 2364 per
1564 2312 1653 2350 tres

252 2381 343 2422 dies
365 2381 435 2422 vel
466 2383 653 2435 quatuor
683 2382 921 2435 antequam
953 2378 1151 2435 signetur
1182 2377 1229 2418 in
1260 2376 1527 2419 kalendario.
1591 2375 1654 2417 Et

251 2449 298 2490 in
342 2448 543 2491 omnibus
574 2448 854 2504 septuaginta
896 2462 973 2490 sex
1015 2446 1141 2488 annis
1186 2445 1349 2488 recedit
1393 2445 1597 2502 primatie
1629 2459 1655 2484 a

252 2517 344 2560 loco
396 2532 474 2559 suo
520 2517 568 2559 in
614 2517 871 2559 kalendario
912 2531 990 2572 per
1031 2515 1247 2558 sexdecim
1300 2515 1473 2556 minuta
1524 2513 1654 2555 unius

253 2585 340 2627 diei
372 2589 416 2627 et
460 2586 752 2641 quadraginta
783 2583 1030 2636 secunda3³
1062 2588 1107 2626 et
1138 2584 1219 2625 hoc
1260 2586 1326 2625 est
1358 2583 1456 2639 plus
1498 2584 1655 2637 quarta

301 2741 309 2761 ¹
329 2741 429 2784 nunc]
456 2741 502 2781 in,
521 2741 560 2774 T.
1033 2742 1045 2759 ¹³
1061 2739 1218 2782 secunda]
1246 2750 1309 2771 om.
1328 2739 1367 2772 T.

300 2792 312 2812 '²
327 2793 493 2826 secundum
512 2793 688 2837 veritatem]
716 2805 779 2827 om.
798 2794 837 2827 T.

1668 2101 1829 2147 Irregula-

1668 2150 1758 2183 rities
1771 2151 1805 2182 in
1817 2152 1858 2183 de
1868 2169 1873 2172 -

1668 2197 1846 2238 termining

1670 2242 1725 2273 the
1738 2252 1798 2283 age
1815 2241 1853 2273 of

1670 2286 1725 2318 the
1741 2296 1852 2317 moon.
