1964 3259
380 244 466 285 496
883 254 1054 285 ROGERI
1082 254 1278 285 BACONis
1667 242 1782 298 [cAP.

377 369 615 426 alphabeti,
660 369 870 412 addentes
914 374 1002 413 tres
1046 371 1221 427 figuras,
1268 384 1365 425 quae
1397 383 1486 410 non
1517 371 1622 410 sunt
1665 371 1783 410 notae

379 438 618 490 literarum,
672 438 747 480 sed
794 439 935 480 solum
981 443 1100 482 notfe
1153 437 1448 495 computandi,
1481 437 1580 478 ideo
1625 451 1782 492 ponam

378 521 450 548 eas
494 506 612 548 inter
662 507 808 549 literas
860 508 1096 563 alphabeti,
1131 511 1176 550 et
1221 506 1537 563 superscribam
1581 519 1784 546 numeros

380 575 560 616 Latinos
604 575 678 630 qui
720 575 905 631 singulis
952 576 1105 631 figuris
1157 575 1508 631 correspondent.
1592 574 1652 615 Et
1691 573 1784 614 haec

378 643 526 684 omnia
571 643 701 684 simul
745 643 974 685 ostendam
1005 644 1053 684 in
1097 659 1185 686 uno
1232 644 1465 700 alphabeto
1509 645 1561 684 ut
1604 641 1785 698 prolixi-

378 712 486 753 tatis
529 711 724 754 confusio
771 712 974 762 evitetur,
1010 730 1028 752 υ
1059 716 1244 754 vocatur
1275 712 1393 768 apud
1425 711 1607 753 Latinos
1639 713 1782 760 tenue,

379 781 482 836 quia
526 781 713 822 debilem
754 780 889 822 habet
925 795 1093 832 sonum,
1130 784 1175 823 et
1223 781 1320 822 ideo
1354 794 1524 836 semper
1566 779 1786 836 aspiratur

380 849 427 890 in
472 849 685 905 principio
733 848 949 890 dictionis.
1027 849 1179 890 Latini
1230 852 1379 891 autem
1431 848 1599 890 habent
1649 862 1783 889 unam

378 917 563 973 figuram
595 932 671 974 pro
703 917 842 973 ipsilo,
867 920 918 959 ut
949 920 1073 972 patet
1106 932 1182 973 per
1203 920 1442 959 tractatum
1474 917 1722 958 inferiorem
1744 930 1785 970 gs,

379 1000 510 1041 quam
557 988 743 1041 figuram
788 985 936 1027 Latini
982 990 1141 1027 vocant
1172 1000 1202 1041 ‘gs
1235 985 1467 1037 Graecum3
1512 1000 1602 1027 non
1633 988 1783 1025 tamen

378 1057 555 1109 propter
586 1054 666 1095 1100
699 1056 765 1095 est
801 1053 944 1108 figura
977 1053 1138 1105 Grzeca,
1172 1068 1250 1095 nec
1283 1054 1330 1095 in
1362 1053 1599 1110 alphabeto
1634 1052 1784 1094 (111-1000

378 1121 688 1178 computanda.
771 1120 889 1162 Nam
941 1121 1104 1162 dicitur
1155 1136 1184 1177 2]
1237 1121 1450 1173 Graecum,
1486 1122 1589 1177 quia
1636 1120 1786 1162 Latini

379 1191 579 1233 scribunt
610 1190 750 1232 solum
781 1190 963 1231 nomina
987 1190 1139 1231 Grseca
1170 1204 1247 1247 per
1278 1190 1390 1232 hanc
1410 1190 1606 1246 figuram.
1669 1190 1785 1230 Nam

381 1259 629 1302 Priscianus
673 1258 782 1300 dicit
813 1258 931 1314 quod
965 1258 1115 1300 Latini
1159 1273 1248 1300 11011
1281 1258 1440 1300 debent
1487 1258 1670 1300 scribere
1704 1257 1786 1298 La-

379 1328 497 1370 tinas
545 1328 774 1377 orationes,
808 1342 888 1369 nec
920 1327 1028 1368 alias
1075 1326 1161 1369 nisi
1211 1327 1385 1369 Graecas
1428 1341 1506 1383 per
1541 1327 1662 1368 hanc.
1727 1325 1787 1366 Et

379 1396 482 1438 licet
524 1396 798 1452 Pythagoras
837 1395 1014 1437 Graecus
1051 1395 1225 1437 invenit
1267 1395 1378 1437 hanc
1419 1396 1618 1451 figuram,
1650 1394 1789 1450 philo-

381 1465 543 1521 sophus
576 1464 733 1517 Italiae,
767 1467 819 1506 ut
852 1464 1007 1506 dicunt
1050 1464 1264 1506 Historiae
1297 1467 1342 1505 et
1372 1464 1645 1515 AristoteleS,
1678 1463 1788 1504 bene

381 1533 493 1575 hanc
523 1533 671 1589 posuit
707 1533 1011 1588 metaphorice.
1096 1533 1155 1574 Et
1197 1533 1294 1574 ideo
1326 1532 1418 1574 haec
1448 1533 1590 1588 figura
1622 1530 1790 1573 Italicis

382 1606 427 1644 et
479 1601 650 1643 Latinis
703 1601 808 1642 data
859 1604 926 1642 est
977 1615 1056 1656 pro
1110 1601 1271 1643 Graecis
1323 1604 1502 1642 tantum
1549 1599 1788 1646 vocabulis,

383 1670 597 1712 Similiter
627 1669 793 1711 habent
826 1668 966 1711 Graeci
1000 1669 1164 1724 duplex
1196 1685 1252 1719 ⁶03
1306 1685 1335 1720 0,
1368 1668 1531 1709 scilicet
1562 1668 1704 1719 breve,
1738 1670 1789 1708 ut

383 1739 588 1790 omicron,
641 1741 686 1780 et
746 1738 934 1793 longam.
1029 1737 1128 1778 Hoc
1189 1740 1254 1778 est
1315 1736 1452 1791 igitur
1504 1736 1787 1792 alphabetum

385 1807 595 1857 Graecum,
646 1806 762 1862 quod
809 1806 1067 1847 nominatur
1110 1804 1165 1846 ab
1198 1804 1340 1860 alpha,
1375 1804 1492 1859 quod
1539 1807 1606 1846 est
1647 1804 1789 1859 prima

382 1876 538 1928 litera3
582 1878 626 1917 et
657 1875 754 1917 ideo
799 1873 1083 1930 alphabetum
1135 1873 1252 1928 apud
1304 1872 1486 1914 Latinos
1519 1876 1584 1914 est
1628 1887 1788 1913 nomen

385 1944 586 1986 Graecum
628 1958 719 1985 non
752 1942 973 1984 Latinum.
1059 1941 1261 1993 Qualiter
1292 1944 1438 1982 autem
1471 1940 1642 1982 numeri
1673 1940 1791 1981 ultra

387 2014 472 2054 900
526 2015 783 2054 excrescunt
835 2011 996 2053 scietur
1048 2010 1140 2051 loco
1193 2024 1279 2051 suo.
1356 2009 1591 2051 Sciendum
1643 2012 1790 2050 autem

385 2081 501 2136 quod
547 2080 643 2123 vita
695 2083 740 2122 et
791 2079 887 2121 11111
936 2079 1146 2120 differunt
1192 2077 1240 2118 in
1271 2077 1496 2133 scriptura.
1579 2077 1697 2118 Nam
1744 2077 1791 2118 in

384 2149 491 2200 vita,
524 2150 653 2191 litera
683 2151 803 2190 recta
843 2162 932 2189 non
975 2147 1198 2188 descendit
1241 2145 1502 2201 subjacente,
1539 2159 1616 2187 nec
1641 2145 1791 2201 jacens

385 2218 469 2260 crit
500 2218 617 2259 ultra
650 2221 850 2268 erectam,
885 2230 1068 2271 quorum
1101 2218 1338 2270 utrumque
1370 2214 1527 2256 accidit
1558 2213 1606 2255 111
1626 2213 1706 2265 mi,
1740 2219 1791 2255 ut

385 2289 510 2342 patet
531 2286 577 2327 in
599 2285 761 2341 figuris.
817 2284 1029 2326 Similiter
1052 2297 1241 2338 {samma
1262 2282 1402 2324 solum
1424 2282 1633 2338 angulum
1654 2297 1791 2323 unum

387 2354 628 2405 constituit,
653 2354 728 2395 sed
760 2353 824 2394 cal
855 2385 863 2394 .
897 2386 904 2394 .
934 2352 1051 2393 duos.
1116 2351 1233 2392 Nam
1264 2351 1393 2392 litera
1421 2350 1617 2406 superius
1642 2350 1791 2405 jacens

386 2423 480 2463 cxit
512 2423 632 2462 illam
664 2436 762 2476 quae
794 2420 1025 2461 descendit.
1092 2418 1308 2470 Quoniam
1340 2418 1477 2460 literae
1520 2418 1791 2473 husjusmodi

387 2490 600 2531 differunt
651 2503 781 2544 penes
833 2488 1012 2543 longum
1065 2490 1110 2527 et
1170 2487 1312 2536 breve,
1374 2489 1420 2527 et
1470 2486 1791 2541 aspirationem.

388 2559 494 2600 11160
525 2557 801 2599 recolendum
833 2555 949 2610 quod
990 2554 1219 2609 longitudo
1262 2568 1350 2595 non
1382 2556 1448 2594 est
1478 2554 1564 2594 nisi
1595 2554 1791 2595 extensio

386 2628 526 2668 litera}
570 2625 805 2667 secundum
856 2622 996 2678 majus
1039 2636 1128 2663 suae
1180 2621 1447 2677 prolationis,
1502 2625 1545 2663 et
1596 2622 1791 2663 brevitas

387 2695 623 2737 secundum
666 2694 821 2735 minus
907 2691 1057 2732 Litera
1103 2690 1219 2731 enim
1267 2690 1397 2746 longa
1442 2690 1576 2732 habet
1622 2691 1668 2731 in
1715 2705 1793 2731 sua

900 2866 906 2883 ¹
925 2865 991 2896 vita
1008 2869 1037 2896 et
1053 2864 1111 2906 mi]
1133 2864 1189 2896 Sic
1206 2864 1279 2896 MS.
