1964 3259
328 276 416 316 558
872 285 1111 317 APPENDIX
1145 286 1192 316 11.

329 401 522 444 subsellii
562 401 815 452 scholastici,
850 402 925 457 qui
956 417 1054 444 cum
1087 402 1244 445 saeculo
1265 402 1373 455 xiii„
1395 405 1492 444 tum
1520 404 1738 458 sequenti-

328 470 409 512 bus
451 469 607 512 deinde
650 469 920 526 temporibus
952 470 1168 521 fiorentes,
1200 470 1247 512 id
1284 472 1428 527 ipsum
1475 471 1736 527 scripserint.

328 537 416 580 Sed
447 538 659 580 hactenus
691 538 809 579 satis.

387 606 595 662 Superest
634 606 740 662 jam,
778 609 840 657 ut,
890 621 987 662 quae
1030 606 1084 648 de
1140 621 1186 648 re
1239 607 1321 649 hac
1365 607 1549 649 senserit
1609 607 1736 660 Baco,

326 675 610 730 inquiramus.
698 675 763 716 Ac
808 674 1000 731 primum
1045 675 1105 716 sic
1149 675 1397 728 statuimus,
1447 679 1498 718 ut
1552 676 1736 732 pseudo-

326 743 645 799 astrologorum
701 743 914 800 praedicta
981 743 1184 799 rejecerit
1263 747 1308 786 et
1384 747 1735 787 astronomorum

326 811 497 867 placitis
549 811 795 854 adhaeserit.
893 811 961 854 Ut
1007 815 1073 853 est
1120 815 1321 854 nostrum
1378 813 1595 855 Baconem
1637 828 1735 855 cum

326 880 498 921 Bacone
551 879 791 930 defendere,
840 880 905 921 ita
952 894 1171 921 censorem
1210 880 1397 922 Bacenis
1445 895 1534 923 non
1571 881 1732 937 pigeat.

327 948 372 988 Is
416 962 515 990 cum
563 962 769 1003 supernas
812 962 880 989 res
924 949 1086 1003 absque
1124 948 1310 990 mathesi
1360 950 1558 1005 cognosci
1615 949 1733 990 haud

329 1030 452 1071 posse
508 1015 798 1068 contenderet,
835 1019 932 1057 tum
975 1016 1041 1057 ita
1084 1016 1258 1058 disserit
1301 1016 1403 1059 dist.
1449 1020 1518 1069 11,
1563 1031 1656 1073 cap.
1694 1021 1730 1069 1,

331 1098 429 1139 pag.
475 1086 556 1126 48:
612 1089 635 1105 “
653 1083 766 1126 Duae
823 1083 1019 1126 scientiae
1075 1098 1247 1140 magnae
1279 1085 1599 1128 mathematicae
1631 1089 1735 1127 sunt

328 1155 351 1173 ‘⁶
384 1151 438 1193 de
483 1151 742 1202 coelestibus,
792 1165 844 1193 sc.
890 1151 1127 1207 astrologia
1186 1152 1455 1207 speculativa
1502 1156 1547 1194 et
1598 1156 1733 1195 astro-

326 1225 348 1241 “
380 1220 498 1276 logia
540 1219 742 1276 practica.
829 1219 978 1261 Prima
1021 1220 1269 1275 speculatur
1306 1221 1602 1276 quantitatem
1645 1235 1734 1263 om-

326 1293 348 1309 “
380 1288 504 1329 nium
551 1302 648 1344 quae
695 1290 801 1330 sunt
846 1288 893 1328 in
945 1288 1204 1339 coelestibus,
1245 1291 1290 1330 et
1337 1288 1484 1330 omnia
1536 1304 1633 1344 quae
1681 1289 1735 1331 ad

327 1362 349 1378 “
382 1357 678 1411 quantitatem
725 1357 1007 1407 reducuntur,
1061 1359 1154 1398 tam
1199 1356 1433 1398 discretam
1471 1372 1602 1413 quam
1635 1372 1734 1399 con-

325 1429 347 1447 “
378 1425 551 1466 tinuam
603 1425 911 1481 quantitatem.
989 1424 1107 1466 Nam
1149 1439 1378 1467 numerum
1431 1426 1638 1467 coelorum
1690 1429 1735 1467 et

322 1496 346 1515 “
377 1493 614 1544 stellarum,
662 1508 848 1549 quarum
890 1493 1114 1548 quantitas
1146 1496 1290 1549 potest
1321 1508 1398 1548 per
1438 1493 1734 1536 instrumenta

323 1566 346 1582 “
378 1561 698 1616 comprehendi,
732 1560 957 1611 certificat,
991 1564 1036 1603 et
1076 1561 1240 1617 figuras
1278 1561 1488 1613 omnium,
1523 1565 1569 1603 et
1612 1576 1732 1618 mag-

323 1634 346 1650 “
378 1629 614 1678 nitudines,
649 1632 693 1670 et
725 1628 985 1670 altitudines
1019 1643 1045 1670 a
1075 1633 1205 1680 terra,
1240 1644 1289 1671 ac
1331 1630 1646 1685 spissitudines,
1686 1633 1730 1671 et

323 1702 346 1719 “
377 1711 619 1747 numerum,
664 1711 713 1738 ac
760 1697 1121 1752 magnitudinem,
1161 1711 1210 1739 ac
1239 1698 1509 1753 parvitatem
1554 1702 1731 1740 ortuum

323 1769 345 1788 “
378 1768 424 1807 et
460 1779 698 1817 occasuum,
748 1765 983 1821 signorum,
1020 1765 1257 1816 stellarum,
1305 1769 1348 1807 et
1389 1769 1590 1808 motuum
1637 1769 1729 1808 tam

323 1838 347 1857 “
379 1833 588 1876 coelorum
631 1847 763 1889 quam
805 1833 1043 1886 stellarum,
1097 1836 1142 1875 et
1185 1834 1458 1890 quantitates
1495 1839 1539 1876 et
1590 1835 1729 1876 varie-

323 1905 347 1925 “
378 1905 493 1944 tates
535 1901 773 1958 eclipsium,
817 1904 862 1943 et
911 1905 1078 1944 caetera.
1126 1935 1134 1944 .
1168 1934 1176 1943 .
1208 1935 1216 1944 .
1262 1901 1459 1944 Practica
1509 1917 1614 1944 vero
1657 1903 1730 1944 de-

326 1975 348 1992 “
381 1970 551 2012 scendit
585 1969 639 2011 ad
691 1969 782 2022 hoc,
825 1973 877 2011 ut
919 1971 975 2012 ad
1007 1984 1180 2012 omnem
1224 1970 1376 2012 horam
1421 1971 1606 2012 sciamus
1637 1971 1731 2013 loca

330 2044 352 2061 “
385 2039 674 2094 planetarum,
709 2040 754 2080 et
786 2038 1023 2089 stellarum,
1069 2042 1113 2080 et
1149 2042 1350 2095 aspectus
1387 2042 1432 2081 et
1482 2039 1732 2095 compositi-

322 2112 344 2129 “
377 2121 480 2148 ones
516 2120 678 2158 earum,
710 2109 755 2147 et
797 2107 941 2148 omnia
973 2121 1071 2162 quae
1102 2107 1149 2148 in
1170 2107 1418 2149 coelestibus
1448 2111 1728 2159 renovantur,

322 2179 346 2198 “
378 2178 510 2231 atque
552 2174 776 2216 descendit
826 2175 883 2216 ad
916 2189 967 2216 ea
1033 2189 1132 2230 quae
1179 2175 1295 2219 fiunt
1336 2175 1384 2216 in
1436 2179 1545 2227 ae‘re,
1589 2176 1730 2231 cujus-

324 2245 498 2286 “modi
539 2247 643 2286 sunt
675 2246 865 2295 cometae,
901 2247 944 2285 et
986 2243 1131 2296 irides,
1186 2247 1232 2286 et
1299 2246 1458 2286 caetera
1490 2244 1553 2286 ibi
1606 2258 1729 2286 reno-

324 2316 348 2335 “
378 2315 494 2362 vata,
550 2315 603 2353 ut
663 2311 848 2354 sciamus
909 2311 1005 2353 loca
1058 2326 1219 2362 eorum,
1266 2315 1310 2354 et
1358 2311 1629 2364 altitudines,
1683 2315 1727 2353 et

324 2385 348 2403 “
379 2380 708 2436 magnitudines
742 2384 787 2422 et
828 2378 1033 2436 figuras‚''
1068 2383 1112 2421 et
1144 2383 1311 2422 caetera.

384 2448 478 2490 Sim
524 2448 728 2499 mendax,
781 2447 828 2498 si,
873 2462 971 2503 quae
1010 2448 1174 2490 dixerit
1219 2449 1346 2498 Baco,
1395 2451 1548 2490 tonsor
1591 2447 1726 2503 juxta

322 2533 372 2561 ac
421 2518 566 2574 lippus
602 2518 723 2559 haud
756 2517 1021 2574 intelligant.
1098 2518 1224 2559 Prior
1256 2517 1504 2574 astrologiae
1546 2532 1646 2574 pars
1678 2518 1725 2559 in

322 2601 372 2629 eo
414 2585 692 2643 potissimum
729 2588 942 2636 versatur,
990 2589 1042 2627 ut
1086 2600 1316 2641 corporum
1353 2585 1595 2627 coelestium
1646 2585 1724 2627 tri-

322 2669 425 2696 nam
462 2654 761 2696 extensionem
806 2654 1014 2707 definiat3
1060 2654 1336 2710 planetarum
1366 2653 1497 2695 facies
1533 2656 1723 2696 contem-

321 2723 492 2779 pletur3
544 2722 733 2764 siderum
796 2721 966 2764 obitum
1027 2725 1072 2764 et
1121 2725 1265 2764 ortum
1319 2722 1563 2774 describat3
1623 2722 1725 2763 solis

322 2806 410 2832 non
444 2790 588 2832 minus
622 2805 753 2846 quam
789 2790 904 2832 lunae
954 2790 1149 2847 eclipsim
1187 2790 1437 2832 consideret.
1491 2789 1589 2831 Hoc
1619 2804 1724 2832 Vero
1768 2780 1774 2786 ⁴

323 2865 390 2903 est
431 2861 609 2904 effectus
649 2861 697 2902 in
738 2861 878 2903 causis
927 2861 1015 2903 suis
1059 2862 1336 2904 naturalibus
1385 2860 1721 2918 circumspicere,
