1964 3259
134 525 175 557 In
192 524 304 557 ortho-

136 570 276 612 graphy.

126 2189 326 2224 Alexander

126 2234 306 2270 Neccham.

365 249 451 290 454
874 262 1045 294 Rocssffl
1078 262 1271 294 BAcorus
1661 256 1776 311 [cAP.

362 378 664 434 expositione;
709 384 754 423 et
798 381 922 437 quasi
966 397 1095 439 super
1126 381 1330 424 omnibus
1360 381 1457 424 istis
1489 381 1614 424 vitiis
1646 383 1776 426 simul

361 447 574 491 laborant.

422 516 604 559 Ptisana
655 520 721 559 est
762 532 831 560 res
874 519 1116 561 communis
1160 519 1207 560 in
1257 534 1339 561 11611
1370 519 1677 572 infirmorum3
1730 523 1775 563 et

360 588 426 627 est
458 600 608 627 succus
651 586 770 629 ordei
812 587 977 630 decocti
1007 588 1055 629 in
1085 603 1209 644 aqua,
1243 588 1335 630 sive
1367 588 1532 639 melius,
1571 603 1685 645 aqua
1728 589 1776 631 in

361 668 447 709 qua
502 654 761 710 decoquitur
811 656 1003 708 ordeum,
1065 672 1162 712 quee
1215 657 1348 699 datur
1409 657 1774 700 febricitantibus.

360 723 421 764 Et
472 723 677 765 scribitur
727 739 804 780 per
848 739 883 780 2)
935 725 983 766 in
1033 725 1260 781 principi0‚
1313 729 1330 768 t
1373 725 1502 767 litera
1554 730 1773 781 sequente,

361 792 472 833 sicut
505 792 772 835 Ptolomaeus
803 796 847 835 et
878 794 1018 836 multa
1061 794 1215 836 Graeca
1246 794 1459 836 vocabula
1511 795 1773 837 scribuntur.

364 861 491 912 Quod
537 875 640 903 vero
686 862 746 903 sic
798 862 1016 904 scribatur
1062 865 1186 919 patet
1230 877 1306 919 per
1337 862 1471 904 libros
1505 862 1679 905 Graecos
1726 864 1773 905 in

363 929 520 985 quibus
564 929 626 971 610
672 930 889 981 scribitur,
935 934 980 973 et
1024 946 1102 987 per
1147 945 1297 972 omnes
1344 931 1551 985 antiquas
1594 931 1771 982 Biblias,

359 1001 403 1039 et
450 998 556 1044 alios
601 998 746 1039 libros.
810 998 869 1040 Et
920 999 1055 1041 habet
1105 1000 1293 1041 mediam
1337 1003 1590 1056 correptam.
1653 999 1771 1042 Nam

358 1063 527 1108 Macerl
564 1066 670 1108 dicit
701 1067 748 1108 in
779 1067 890 1109 libro
924 1067 1199 1110 Herbarum:

448 1204 472 1224 “
490 1200 604 1243 Ouin
636 1201 811 1257 ptisana
842 1215 1016 1242 succum
1048 1201 1165 1257 porri
1199 1200 1372 1242 sorbere
1398 1199 1578 1255 juvabit
1595 1199 1630 1252 3²²

356 1322 401 1361 et
432 1333 509 1375 per
541 1318 790 1368 Horatium,
825 1318 902 1374 qui
934 1318 1069 1360 dicit:

417 1449 440 1467 ‘⁶
462 1445 528 1487 Tu
559 1460 708 1498 cessaS,
742 1445 940 1501 agedum,
973 1459 1096 1487 sume
1133 1445 1214 1486 1100
1245 1445 1537 1501 ptisanariuni
1570 1444 1751 1501 oryzae.’'

356 1565 444 1617 Qui
479 1579 630 1606 versus
668 1563 798 1606 debet
835 1564 896 1605 610
932 1564 1091 1613 scandi,
1135 1567 1186 1605 ut
1228 1563 1387 1606 ultima
1429 1565 1597 1619 syllaba
1638 1564 1769 1620 liujus

355 1633 558 1676 dictionis
594 1631 923 1689 ptisamwzfium
965 1631 1188 1673 auferatur
1229 1632 1380 1682 solum,
1425 1646 1544 1673 more
1582 1633 1767 1687 poetico,

352 1706 405 1744 ut
462 1702 523 1744 sic
578 1702 751 1743 dicatur
786 1700 1032 1756 ptisamm
1065 1714 1218 1756 oryza&
1283 1700 1342 1741 Et
1384 1700 1443 1742 sic
1489 1704 1612 1756 patet
1649 1702 1766 1756 quod

353 1772 452 1813 duae
507 1771 660 1826 primae
715 1769 899 1825 syllabae
954 1769 1225 1818 breviantur,
1264 1772 1308 1809 et
1356 1768 1449 1810 haec
1506 1769 1673 1824 syllaba
1715 1784 1766 1811 sco

351 1840 582 1881 breviatur
632 1838 717 1891 hic,
766 1841 810 1879 et
856 1852 933 1893 per
986 1851 1253 1892 consequens
1308 1837 1438 1878 debet
1488 1837 1680 1878 breviari
1720 1838 1768 1879 in

350 1909 430 1950 hoc
464 1908 641 1950 nomine
673 1906 882 1963 ptisana.
949 1905 1036 1947 Sed
1068 1905 1192 1947 Brito
1224 1908 1341 1947 errat
1375 1905 1422 1946 in
1455 1908 1641 1961 utroque
1673 1906 1767 1961 jam

352 1978 477 2019 dicto.
542 1976 660 2018 Nam
708 1975 817 2016 dicit
852 1974 969 2030 quod
1021 1975 1113 2016 haec
1156 1974 1290 2015 dictio
1337 1973 1494 2030 incipit
1534 1989 1612 2029 per
1652 1979 1678 2023 t,
1724 1978 1767 2017 et

351 2046 550 2101 sequitur
582 2044 603 2087 ἐἰ
640 2045 780 2095 litera,
829 2047 873 2085 et
909 2046 1061 2099 postea
1100 2057 1148 2099 2),
1183 2046 1235 2084 ut
1272 2042 1442 2084 dicatur
1486 2041 1688 2098 tipscma,
1722 2047 1766 2085 et

353 2130 407 2157 ex
444 2115 587 2156 medio
624 2112 889 2169 producitur.
954 2111 1041 2153 Sed
1077 2126 1167 2153 non
1208 2110 1367 2167 probat
1400 2110 1479 2152 hoc
1519 2111 1605 2152 nisi
1648 2112 1765 2166 quod

353 2183 524 2225 inducit
576 2181 880 2224 Alexandrum
918 2180 963 2221 N
966 2194 1157 2236 ecquam,
1221 2194 1299 2235 pro
1351 2179 1615 2232 testimonio,
1660 2180 1761 2234 quia

353 2251 440 2293 fuit
473 2251 627 2292 similis
661 2250 699 2291 ei
733 2250 779 2290 in
815 2248 1094 2298 falsitatibus,
1129 2247 1205 2302 qui
1244 2247 1374 2289 dicit:

546 2386 566 2400 “
601 2378 772 2420 Cortice
804 2377 971 2418 nudato
1002 2377 1198 2432 tipsanas
1235 2375 1365 2416 ordea
1399 2375 1552 2416 dicas.''

351 2506 425 2546 Ex.
470 2517 611 2545 errore
653 2501 897 2542 Alexandri
940 2499 1032 2555 ipse
1074 2498 1213 2554 gratis
1250 2498 1343 2539 sine
1374 2498 1545 2539 ratione
1587 2502 1631 2539 et
1667 2500 1758 2539 sine

351 2573 612 2615 auctoritate
659 2572 784 2611 errat.
867 2568 929 2609 Et
971 2567 1128 2608 incidit
1180 2567 1400 2608 occasione
1451 2566 1499 2607 in
1550 2566 1757 2621 majorem

351 2656 551 2693 errorem,
585 2640 730 2681 dicens
774 2638 890 2693 quod
921 2650 1073 2678 versus
1116 2635 1295 2676 Horatii
1338 2635 1467 2676 debet
1501 2635 1649 2676 scandi
1681 2650 1760 2691 per

793 2869 801 2887 ¹
821 2868 956 2909 λίπεν]
977 2867 1038 2899 See
1056 2867 1169 2905 above,
1186 2876 1216 2906 p.
1236 2869 1309 2898 237.
