1964 3259
327 272 411 312 5534
861 276 1099 308 APPENDTX
1132 277 1178 307 11.

325 395 347 412 “
380 393 424 430 ct
456 388 688 444 diligenter
731 385 971 428 consideret
1014 385 1188 440 quando
1230 385 1286 425 ad
1319 398 1390 425 eas
1423 381 1730 438 dispositioncs

330 464 351 480 “
385 457 565 498 venient
618 455 813 498 coelestia
856 453 1094 496 secundum
1148 452 1342 507 singulas
1394 453 1539 506 partes
1589 449 1734 491 aetatis

328 528 350 547 “
385 524 631 580 cujuslibet,
665 525 813 579 potest
858 522 911 563 de
959 521 1160 562 omnibus
1205 519 1491 569 naturalibus,
1526 518 1638 559 sicut
1682 517 1734 557 de

330 598 353 614 “
384 591 719 633 infirmitatibus
771 594 815 631 et
877 589 1077 637 sanitate,
1133 591 1178 629 et
1226 587 1490 643 hujusmodi,
1539 586 1735 641 judicare

331 667 353 684 “
386 660 659 708 sufficienter,
684 658 1031 713 quandocunque
1064 656 1226 697 debent
1247 655 1440 697 accidere
1473 657 1518 695 et
1549 653 1737 709 qualiter

329 733 353 751 “
385 726 648 769 terminari.”
735 725 832 766 Hoc
879 729 944 766 est
988 727 1104 766 certo
1152 723 1335 779 probare
1365 722 1736 779 genethliacorum

333 796 497 847 deliria,
546 799 590 836 et
636 793 937 849 superstitiosa
980 791 1217 833 venditare.
1282 790 1429 832 Genus
1480 804 1606 846 porro
1657 789 1738 830 hoc

332 863 542 906 doctrinae
574 866 665 904 tam
699 861 754 902 ab
777 860 1027 916 Augustino
1062 860 1209 909 distat,
1235 874 1366 914 quam
1399 858 1515 914 quod
1535 857 1737 899 maxime.

331 932 559 987 Siquidem
579 930 692 971 libro
714 929 900 970 secundo
924 928 990 969 De
1025 927 1237 968 Doctrina
1260 927 1522 977 Christiana,
1556 940 1643 981 cap.
1669 926 1737 976 29,

332 999 604 1055 apertissime
649 998 798 1038 dixit:
835 996 979 1036 “Non
1011 999 1062 1037 ut
1094 1010 1148 1036 ex
1196 995 1250 1036 iis
1281 994 1538 1051 (sideribus)
1570 993 1737 1048 aliquid

335 1073 357 1088 ‘⁶
389 1066 560 1108 trahere
604 1065 652 1106 in
689 1067 839 1105 nostra
883 1063 999 1104 sacta
1043 1067 1086 1104 et
1134 1066 1293 1104 eventa
1329 1066 1558 1111 tentemus,
1593 1061 1739 1116 qualia

336 1139 358 1156 “
390 1133 761 1190 genethliacorum
814 1130 1102 1172 deliramenta
1146 1133 1260 1180 sunt,
1306 1129 1380 1170 sed
1419 1132 1635 1184 quantum
1682 1129 1737 1169 ad

335 1203 485 1258 “ipsa
531 1201 724 1257 pertinet
770 1197 946 1240 sidera.'’
1031 1197 1127 1249 Qua
1178 1198 1316 1253 igitur
1367 1196 1524 1248 fronte,
1579 1196 1739 1237 Veneti

335 1271 523 1312 editores
560 1282 636 1310 suo
670 1269 717 1309 in
755 1266 939 1322 Prologo
972 1266 1155 1307 Baconis
1197 1265 1443 1306 doctrinam
1486 1267 1739 1319 comparent

336 1353 433 1380 011111
466 1338 519 1378 iis
551 1351 648 1392 quae
681 1335 959 1390 Augustinus
992 1333 1171 1374 docuit?
1245 1332 1343 1374 Hoc
1385 1336 1450 1374 est
1493 1347 1570 1373 suo
1613 1346 1738 1373 sensu

329 1407 538 1462 judica-re,
571 1408 701 1459 atque
743 1402 850 1444 adeo
882 1401 1056 1450 efficere,
1090 1404 1142 1442 ut
1174 1400 1449 1456 Augustinus
1481 1414 1530 1441 ea
1567 1399 1739 1450 dixerit,

337 1489 434 1529 quae
465 1487 691 1527 nunquam
733 1471 780 1511 in
813 1470 905 1525 ejus
946 1473 1138 1510 mentem
1170 1468 1381 1510 venerint.

395 1543 460 1583 At
506 1541 779 1582 obsecramus
831 1552 1059 1587 censorem,
1110 1551 1163 1578 ne
1210 1536 1307 1592 plus
1354 1550 1478 1591 {equo
1530 1535 1742 1576 irascatur

339 1613 491 1651 contra
535 1622 626 1657 nos,
678 1620 888 1661 suamque
933 1606 1042 1646 iram
1088 1605 1289 1660 deponat,
1322 1607 1373 1645 ut
1420 1607 1464 1645 et
1506 1607 1665 1653 nostra,
1700 1606 1743 1644 et

338 1677 523 1718 Baconis
570 1689 694 1716 sonsa
737 1673 959 1729 percipiat.
1035 1672 1108 1713 Ira
1154 1672 1271 1713 enim
1304 1676 1369 1712 est
1416 1671 1462 1711 in
1494 1685 1632 1720 causa,
1667 1685 1742 1712 cur

336 1745 584 1799 frequenter
615 1757 706 1783 rem
749 1756 882 1782 unam
927 1755 1017 1795 pra}
1049 1740 1135 1780 alia
1182 1739 1452 1794 accipiamus,
1486 1753 1595 1780 neve
1627 1742 1741 1779 recte

331 1813 526 1868 judicare
573 1810 793 1866 possimus.
870 1809 1025 1863 Itaque
1070 1821 1217 1848 censor
1261 1807 1377 1848 haud
1423 1807 1598 1862 ignorat
1646 1821 1742 1861 quae

338 1884 382 1922 ct
414 1882 520 1935 quot
552 1879 640 1919 sint
681 1878 891 1933 figmenta
922 1875 1302 1931 genethliacorum.
1381 1873 1476 1915 Sibi
1507 1873 1613 1915 falso
1644 1889 1738 1929 per-

338 1949 535 1997 suadent,
570 1946 723 1995 sidera,
758 1959 866 2000 quae,
900 1948 952 1985 ut
983 1944 1120 1993 aiunt,
1155 1958 1229 1984 seu
1262 1943 1308 1983 in
1345 1942 1634 1998 conceptione,
1669 1956 1743 1983 seu

338 2018 385 2058 in
417 2015 655 2057 nativitate
687 2013 985 2062 nanciscimur,
1019 2026 1097 2053 nos
1138 2011 1202 2052 ita
1243 2025 1402 2066 cogere,
1435 2014 1486 2051 ut
1517 2025 1666 2051 eorum
1697 2010 1743 2051 vi

339 2084 486 2140 pressi,
519 2084 565 2123 in
602 2097 662 2132 ea,
696 2096 792 2137 quae
840 2080 1043 2129 influunt,
1091 2079 1300 2121 labamur.
1366 2078 1499 2119 Porro
1539 2093 1593 2119 ex
1644 2093 1742 2119 con-

338 2153 459 2194 tuitu
490 2151 692 2200 siderum,
727 2164 770 2190 se
802 2152 963 2205 putant
994 2148 1191 2189 divinare
1238 2161 1326 2187 non
1372 2146 1500 2187 modo
1542 2146 1745 2187 fortuitos

340 2235 491 2271 casus;
535 2219 609 2260 sed
642 2218 774 2259 etiam
806 2217 965 2258 fiber-os
1008 2214 1235 2257 hominum
1282 2218 1404 2255 actus
1445 2213 1626 2255 futuros.
1689 2214 1744 2255 Id

340 2304 437 2330 cum
481 2287 659 2336 faciunt,
694 2300 810 2326 nunc
854 2287 969 2326 certo
1014 2283 1268 2339 praedicunt,
1302 2296 1419 2323 nunc
1463 2282 1746 2336 conjectando

339 2356 623 2397 hariolantur.
688 2354 742 2394 In
791 2367 875 2408 quo
912 2351 1194 2392 vehementer
1241 2353 1450 2405 peccant3
1493 2364 1595 2390 nam
1628 2350 1743 2404 quod

340 2438 451 2472 casu,
504 2422 575 2463 vel
621 2421 798 2462 consilio
843 2419 1000 2469 evenit,
1050 2418 1094 2459 id
1139 2433 1236 2460 cum
1286 2417 1421 2459 stellis
1465 2417 1743 2472 conjunctum

340 2505 427 2531 non
475 2492 549 2530 est.
633 2488 751 2528 Hinc
803 2487 958 2528 merito
1010 2486 1250 2541 proscripta
1301 2485 1347 2524 in
1400 2484 1601 2525 humanis
1659 2484 1745 2524 fuit

332 2557 555 2614 judicialis
607 2554 853 2610 astrologia,
902 2568 1008 2608 quae,
1058 2557 1109 2593 ut
1155 2566 1233 2593 nos
1279 2551 1502 2592 stellarum
1554 2551 1745 2594 dominio

340 2625 526 2680 sul;›jicit,
560 2624 623 2665 ita
655 2637 783 2664 omne
815 2622 1000 2663 liberum
1036 2620 1267 2661 arbitrium
1301 2619 1474 2660 evertit.

400 2695 443 2735 A
474 2706 558 2748 quo
602 2695 752 2732 tamen
798 2688 1083 2730 divinationis
1129 2701 1285 2743 genere
1328 2686 1577 2742 longissime
1620 2686 1745 2728 abest

341 2762 482 2812 Baco3
524 2774 639 2810 nam,
672 2762 722 2799 ut
766 2757 963 2813 superius
1009 2759 1230 2798 ostensum
1273 2754 1370 2805 fuit,
1403 2769 1539 2795 vanas
1571 2754 1646 2796 has
1678 2768 1744 2795 as-

339 2829 604 2884 trologorum
651 2840 795 2881 gerras
838 2840 927 2867 non
973 2824 1126 2865 irridet
1172 2823 1313 2874 modo,
1345 2823 1418 2863 sed
1467 2822 1596 2863 etiam
1643 2836 1740 2863 exe-
