1964 3259
194 245 316 302 vm]
637 255 946 288 COMPENDIUM
977 254 1144 287 sTUDH.
1509 242 1594 288 475

193 373 333 415 forma
364 373 607 430 compendii
638 377 683 415 et
704 374 750 414 in
770 372 1007 414 universali
1029 371 1171 412 videri
1193 370 1410 426 corruptio
1444 368 1599 412 Bibliae

194 457 271 497 per
301 442 419 484 dicta
449 442 656 498 exempla.
722 441 808 483 Sed
845 441 920 496 qui
951 439 1086 481 vellet
1125 438 1181 480 ad
1222 438 1396 494 singula
1427 437 1601 479 descen-

195 510 309 562 dere,
340 525 429 552 non
471 510 690 552 inveniret
726 509 973 558 clausulam,
1008 507 1115 563 quin
1146 507 1313 549 falsitas
1350 509 1601 556 occurreret,

194 579 266 620 vel
324 579 462 620 nimia
532 579 762 628 dubitatio,
831 580 1009 634 propter
1068 576 1324 618 discordiam
1388 574 1603 631 corrigen-

195 648 319 697 tium,
354 662 450 703 quae
481 647 703 689 dubitatio
741 646 859 688 cadit
906 647 954 687 in
1001 660 1173 688 omnem
1205 645 1458 702 sapientem,
1491 644 1603 686 sicut

196 716 327 757 timor
377 715 622 772 appellatur
681 730 777 772 quae
837 714 954 757 cadit
1008 713 1057 755 in
1113 714 1258 755 virum
1318 715 1602 755 constantem.

195 783 283 825 Sed
328 788 479 825 tamen
525 784 648 840 quasi
691 784 854 838 ubique
898 785 964 824 est
1012 781 1191 831 falsitas,
1224 781 1328 823 licet
1381 780 1603 822 dubitatio

195 852 468 894 intercurrat.
552 852 612 894 Et
675 866 765 894 non
804 852 1124 893 evacuarentur
1184 850 1253 892 hae
1297 849 1512 891 falsitates
1560 851 1604 890 et

195 919 494 962 dubitationes
558 935 634 976 per
684 919 984 975 quantitatem
1031 918 1281 960 medietatis
1341 917 1512 967 Bibliae,
1567 917 1603 958 si.

195 988 410 1030 certitudo
467 988 779 1045 probationum
833 988 1127 1037 induceretur,
1179 991 1232 1028 ut
1286 986 1399 1028 ratio
1463 985 1603 1042 exigit

195 1057 448 1113 corrigendi.
531 1058 592 1098 Et
652 1057 750 1099 ideo
803 1071 951 1099 omnes
1002 1055 1196 1111 theologi
1248 1070 1363 1097 nunc
1415 1058 1604 1096 utuntur

196 1125 242 1166 in
294 1125 479 1181 legendo
532 1129 577 1167 et
622 1125 902 1182 praedicando
964 1124 1083 1166 falsis
1145 1123 1495 1173 auctoritatibus,
1561 1126 1604 1165 et

195 1194 396 1235 nesciunt
453 1194 654 1250 proferre,
721 1197 765 1235 et
821 1208 897 1249 per
958 1207 1223 1248 consequens
1298 1207 1377 1234 nec
1438 1192 1604 1246 aliquid

196 1262 379 1318 dignum
409 1263 665 1319 intelligere,
700 1262 772 1304 vel
806 1262 972 1304 docere.

260 1331 390 1373 Nunc
451 1335 626 1374 ostensa
677 1335 743 1373 est
788 1331 1148 1386 qualitercunque
1185 1345 1274 1372 una
1314 1344 1412 1386 pars
1458 1329 1602 1371 tertiae
1621 1338 1790 1373 Instances

198 1399 387 1451 decimae,
432 1414 564 1455 quare
617 1402 818 1456 oporteat
850 1399 1030 1440 Latinos
1076 1400 1180 1440 scire
1226 1399 1408 1455 linguas.
1472 1397 1602 1439 Nunc
1620 1384 1803 1461 ῗξξᾞῗῗρζ

199 1469 297 1510 volo
341 1469 573 1511 secundam
626 1471 795 1524 partem
846 1471 1036 1524 tangere,
1079 1482 1176 1523 quse
1223 1471 1288 1509 est
1333 1468 1385 1509 de
1433 1466 1603 1522 exposin
1621 1454 1695 1505 cen't
1713 1476 1778 1525 qud

198 1537 317 1579 tione
366 1540 528 1588 textus,
584 1538 666 1579 etsi
718 1536 841 1578 nulla
888 1540 1000 1578 esset
1050 1536 1226 1578 falsitas,
1306 1536 1393 1578 Sed
1444 1550 1604 1591 magna
1620 1525 1781 1561 quantity.

197 1605 421 1647 festinatio
474 1605 591 1661 cogit
642 1620 712 1646 me
763 1604 820 1647 ad
882 1604 1147 1646 brevitatem
1163 1621 1174 1655 3
1238 1607 1282 1646 et
1326 1604 1429 1659 quia
1480 1603 1605 1659 plura

192 1673 286 1729 jam
335 1674 498 1730 scripta
548 1676 651 1715 sunt
703 1687 834 1729 quam
878 1687 904 1714 a
949 1672 1163 1729 principio
1213 1672 1443 1715 aestimavi.
1521 1672 1604 1713 Re-

198 1743 373 1784 volvam
419 1747 568 1784 tamen
626 1742 793 1798 aliquos
839 1741 1045 1783 articulos
1096 1756 1194 1782 cum
1247 1741 1456 1797 exemplis
1519 1741 1608 1781 suis

198 1811 471 1863 necessarios,
533 1814 585 1852 ut
647 1811 800 1852 saltem
862 1813 950 1851 stet
1012 1810 1231 1866 persuasio
1279 1810 1607 1858 introductoria,

201 1879 410 1934 quatinus
466 1879 519 1920 ad
578 1878 745 1934 majora
804 1878 1038 1934 prudentes
1096 1878 1292 1920 homines
1354 1878 1609 1919 excitentur.

202 1947 250 1989 si
305 1947 442 2003 igitur
505 1947 634 1988 litera
697 1949 795 1988 tota
853 1949 964 1988 esset
1014 1946 1240 1988 verissima
1297 1949 1342 1987 et
1394 1945 1612 1987 correctis-

203 2016 323 2065 sima,
387 2015 528 2057 adhuc
594 2018 772 2071 propter
834 2014 925 2069 ejus
992 2015 1308 2070 expositionem
1375 2014 1612 2069 requiritur

204 2084 394 2140 cognitio
447 2083 641 2125 maxima
701 2083 960 2139 linguarum.
1047 2083 1119 2124 Ita
1177 2083 1284 2124 dicit
1336 2082 1612 2138 Augustinus

204 2153 390 2194 secundo
437 2153 505 2194 De
549 2151 762 2194 Doctrina
806 2150 1089 2202 Christiana3
1132 2154 1175 2193 et
1228 2151 1528 2206 Hieronymus
1569 2154 1613 2192 et

205 2236 352 2263 omnes
384 2220 464 2263 hoc
496 2220 663 2271 docent,
697 2223 741 2262 et
773 2220 959 2262 firmiter
990 2219 1264 2262 confitentur.
1331 2219 1459 2260 Unus
1491 2234 1613 2261 casus

204 2293 270 2332 est
301 2293 477 2346 propter
507 2292 722 2341 accentus,
757 2292 801 2331 et
832 2288 1153 2345 longitudinem
1196 2291 1240 2330 et
1271 2288 1534 2330 brevitatem
1565 2287 1613 2328 in

205 2359 472 2416 penultimis,
548 2358 652 2414 quia
712 2357 815 2399 licet
876 2357 1004 2399 litera
1059 2357 1118 2399 sit
1169 2372 1274 2399 vera
1324 2371 1414 2398 non
1465 2360 1613 2398 tamen

208 2431 386 2484 propter
416 2428 498 2469 1100
529 2427 672 2469 sciunt
702 2427 805 2468 haec.
860 2425 920 2467 Et
952 2428 1067 2468 certe
1098 2426 1146 2466 in
1177 2425 1428 2467 nominibus
1451 2424 1614 2483 Graecis

207 2499 252 2538 et
285 2495 499 2546 Hebraeis,
532 2510 622 2538 non
666 2498 851 2552 possunt
895 2494 995 2536 sciri
1041 2493 1126 2535 nisi
1170 2509 1247 2551 per
1283 2494 1613 2550 grammaticam

208 2564 382 2606 illarum
433 2564 692 2621 linguarum.
757 2563 894 2605 Verbi
940 2563 1095 2619 gratia,
1149 2561 1290 2604 Maria
1343 2562 1611 2617 Magdalene,

206 2632 496 2688 penultimam
527 2633 786 2689 productam
829 2632 964 2673 habet
1006 2630 1200 2687 proferri,
1233 2645 1336 2672 nam
1379 2630 1426 2670 in
1464 2629 1612 2670 Graeco

207 2700 408 2742 scribitur
438 2715 515 2756 per
546 2705 626 2753 eta,
659 2701 740 2742 hoc
772 2702 837 2741 est
868 2714 943 2755 per
975 2713 996 2741 e
1026 2698 1215 2755 longum.
1295 2698 1432 2739 Marci
1478 2697 1614 2753 igitur

206 2768 373 2819 ultimc,
397 2772 441 2811 et
473 2768 589 2820 alibi,
613 2768 818 2811 scribitur
848 2768 959 2810 sicut
983 2767 1140 2819 Graece,
1165 2766 1281 2824 quod
1301 2766 1449 2809 nullus
1469 2768 1614 2823 potest
