1964 3259
160 868 233 901 The
248 868 323 902 four

160 923 275 946 causes
288 915 326 946 of

159 958 237 990 hum
242 970 283 991 an

161 1012 261 1036 error.

395 244 473 285 414
896 254 1067 287 ROGERI
1098 253 1292 288 BAcouis
1674 247 1790 303 [CAP.

977 570 1080 615 CAP.
1117 571 1205 615 ΙΙΙ.

384 698 450 743 In
481 713 569 758 quo
598 698 938 756 investigantur
969 704 1167 756 quatuor
1188 698 1413 756 pestifere&
1441 713 1588 743 causoe
1624 698 1792 743 erroris

982 767 1194 812 humaui.

444 862 694 912 POSTQUAM
733 861 924 918 praemisi
966 862 1285 918 impedimenta
1315 860 1543 917 sapientiae
1592 862 1679 903 duo
1712 862 1790 904 sci-

382 930 484 974 licet
514 931 715 973 naturale
755 935 807 973 ut
850 930 1063 987 originale
1106 933 1344 986 peccatum,
1381 933 1425 972 et
1457 933 1732 972 contractum
1765 946 1791 973 a

382 1000 508 1042 nobis
529 1003 582 1041 ut
602 1002 829 1056 peccatum
859 999 1031 1042 actuale
1063 1002 1109 1040 et
1138 999 1362 1055 proprium
1396 998 1639 1054 cujuslibet,
1672 1014 1790 1043 nunc

382 1068 482 1110 volo
513 1068 710 1124 ingerere
753 1071 943 1124 quatuor
985 1067 1072 1108 alia
1118 1067 1276 1123 quibus
1323 1068 1464 1109 omnis
1510 1071 1652 1109 status
1698 1083 1788 1110 cor-

382 1137 615 1192 rumpitur,
661 1151 788 1179 omne
818 1136 985 1178 bonum
1026 1135 1275 1192 impeditur,
1315 1139 1359 1177 et
1397 1136 1479 1177 hoc
1519 1151 1546 1177 a
1576 1136 1790 1193 principio

383 1206 537 1247 mundi
583 1220 720 1261 usque
764 1219 890 1255 nunc,
924 1208 970 1246 et
1001 1204 1062 1245 sic
1102 1204 1180 1246 fiet
1223 1218 1360 1260 usque
1403 1204 1450 1245 in
1496 1204 1629 1246 finem
1673 1207 1790 1261 apud

382 1274 716 1317 multitudinem
757 1274 1015 1325 hominum3
1066 1273 1131 1315 ita
1162 1273 1277 1328 quod
1317 1273 1397 1314 Vix
1438 1273 1518 1314 soli
1560 1274 1789 1329 sapientis-

381 1344 480 1385 simi
512 1343 588 1385 has
620 1346 810 1399 quatuor
841 1357 990 1384 causas
1021 1342 1247 1398 pestiferas
1288 1342 1443 1383 erroris
1474 1342 1655 1383 humani
1696 1357 1793 1399 pos·

381 1415 485 1454 sunt
516 1412 839 1468 aliquantulum
872 1411 1100 1453 declinare.
1177 1411 1237 1452 Et
1270 1414 1374 1453 sunt
1405 1410 1598 1467 indignae
1631 1414 1675 1453 et
1706 1411 1790 1454 fra-

382 1481 481 1537 gilis
530 1481 731 1537 exempla
782 1480 1071 1530 auctoritatis,
1125 1494 1275 1521 sensus
1321 1479 1446 1535 vulgi
1490 1480 1697 1536 imperiti,
1745 1485 1789 1524 et

381 1550 708 1592 consuetudinis
756 1549 1037 1601 diuturnitas,
1072 1552 1116 1590 ct
1148 1548 1386 1590 obstinatio
1426 1549 1563 1590 animi
1594 1549 1785 1600 humani,

381 1634 469 1674 qua
498 1619 546 1660 in
578 1619 784 1660 solatium
827 1633 916 1659 suae
952 1617 1216 1673 ignorantiae
1263 1617 1467 1672 reprobat
1510 1618 1658 1658 omnia
1689 1633 1786 1673 quae

380 1688 564 1744 ignorat.
631 1686 741 1729 Haec
773 1689 962 1742 quatuor
994 1700 1123 1741 super
1155 1684 1302 1726 omnia
1332 1685 1538 1740 reprobat
1561 1685 1786 1742 Scriptura

380 1756 522 1807 Sacra,
557 1755 697 1798 sancti
730 1755 1031 1804 condemnant,
1072 1754 1147 1809 jus
1178 1754 1433 1795 canonicum
1464 1756 1600 1806 vetat,
1648 1755 1787 1810 philo-

379 1824 540 1881 sophia,
586 1824 667 1866 sub
712 1837 798 1880 qua
853 1823 1171 1879 comprehendo
1217 1821 1292 1877 jus
1341 1822 1477 1873 civile,
1532 1823 1785 1866 detestatur.

379 1894 510 1936 Unde
563 1893 619 1935 ad
671 1893 904 1949 imperium
958 1891 1126 1933 domini
1159 1890 1408 1941 Clementis
1462 1891 1785 1946 praedecessoris

377 1963 504 2004 istius
536 1976 672 2018 papae,
706 1961 859 2017 collegi
889 1961 936 2002 in
966 1963 1160 2002 tractatu
1192 1959 1366 2015 speciali
1411 1959 1566 2001 electas
1612 1964 1784 2002 senten-

377 2032 464 2073 tias
497 2031 736 2087 Scripturae
784 2033 828 2072 et
872 2032 1131 2079 sanctorum,
1172 2028 1288 2084 juris
1319 2028 1515 2070 canonici
1558 2032 1603 2071 et
1645 2029 1784 2085 philo-

377 2100 552 2156 sophiae,
602 2103 647 2141 et
693 2098 910 2155 praeposui
947 2097 1148 2139 omnibus
1194 2097 1318 2138 libris
1362 2111 1470 2152 quos
1501 2097 1611 2147 misi,
1646 2099 1785 2140 causis

376 2168 593 2224 pestiferis
653 2181 848 2209 errorum
905 2167 1198 2208 humanorum
1242 2166 1456 2222 relegatiS,
1509 2168 1564 2207 ut
1615 2166 1783 2209 facilius

376 2240 515 2279 staret
560 2236 782 2293 persuasio
823 2235 1036 2278 veritatis.
1131 2234 1218 2276 Sed
1269 2249 1385 2275 nunc
1422 2234 1556 2289 juxta
1599 2235 1783 2277 formam

378 2305 637 2361 Compendii
669 2305 796 2346 istius
819 2319 1036 2360 exponam
1065 2303 1270 2353 breviter,
1306 2302 1499 2358 allegans
1523 2306 1673 2344 contra
1695 2304 1782 2345 tria

375 2373 527 2428 prima,
563 2373 872 2414 auctoritatem
908 2372 1084 2414 Senecae
1124 2372 1171 2412 in
1207 2371 1319 2412 libro
1342 2371 1627 2412 secundarum
1670 2372 1780 2426 epis-

376 2441 594 2491 tolarum)
642 2441 717 2495 qui
760 2456 811 2482 ea
862 2455 949 2482 uno
998 2454 1194 2481 sermone
1243 2439 1409 2494 colligit
1471 2442 1515 2480 et
1563 2440 1777 2495 reprobat,

377 2510 549 2551 dicens:
584 2513 608 2531 “
631 2509 754 2550 Inter
789 2522 939 2550 causas
985 2508 1197 2548 malorum
1249 2510 1497 2548 nostrorum
1549 2510 1614 2547 cst
1665 2509 1780 2562 quod

380 2584 400 2599 “
433 2578 626 2619 vivimus
665 2578 721 2618 ad
752 2576 963 2632 exempla,
1003 2590 1082 2617 nec
1133 2575 1303 2616 ratione
1354 2574 1664 2629 componimur,
1705 2577 1779 2617 sed

379 2654 400 2668 ‘⁴
434 2647 745 2689 consuetudine
798 2645 1081 2696 abducimur3
1147 2643 1264 2699 quod
1316 2643 1352 2684 si
1394 2643 1519 2698 pauci
1572 2643 1775 2696 facerent,

777 2853 784 2871 ¹
802 2851 1021 2897 epistolarum]
1041 2853 1091 2887 Cf.
1110 2863 1217 2895 supra,
1234 2863 1264 2895 p.
1282 2857 1333 2886 72.
