1964 3259
327 256 414 297 408
833 261 1003 293 ROGERI
1034 261 1230 292 BAcoms
1631 249 1746 304 [cAr.

332 381 500 423 virtute
518 397 527 432 ;
569 380 643 422 sed
689 383 795 421 tunc
828 379 971 421 Deum
1019 379 1162 434 ipsum
1205 378 1387 427 videret,
1421 378 1465 417 et
1510 391 1658 417 causas
1703 379 1747 417 et

335 450 528 492 rationes
579 463 726 490 rerum
773 451 818 489 et
864 447 1146 489 scientiarum
1189 446 1238 487 in
1285 460 1334 487 eo
1386 444 1599 486 veraciter
1650 459 1748 486 con-

336 518 651 574 templaretur,
684 516 796 558 sicut
827 516 926 557 vult
958 516 1112 557 beatus
1144 514 1420 570 Augustinus
1450 513 1563 554 libro
1594 516 1748 554 octavo

339 586 406 627 De
441 586 634 627 Civitate
667 582 780 635 Dei,¹
814 587 858 625 et
890 583 966 624 alii
997 587 1157 639 praeter
1187 583 1342 639 ipsum.

114 670 172 701 All
188 670 307 702 morta]
401 654 540 696 Omne
578 653 695 695 enim
731 655 954 708 peccatum
996 652 1180 693 mortale
1226 655 1292 693 est
1336 665 1391 692 ex
1434 665 1513 692 sua
1558 647 1749 705 proprie-

113 714 257 791 ῗξὲξὲδί
341 725 435 764 tate
468 722 735 763 contrarium
777 720 1017 777 sapientiae.
1083 720 1126 760 N
1130 734 1200 760 am
1233 719 1444 775 superbus
1475 733 1564 760 non
1598 717 1750 772 digna-

115 784 255 844 i’mpedi-
342 793 417 832 tur
447 805 570 832 suam
602 789 799 831 confiteri
831 788 1137 844 ignorantiam,
1172 802 1251 829 nec
1292 802 1336 828 se
1378 786 1609 828 humiliare
1643 784 1751 835 aliis,

115 853 264 925 ζὲῑᾶζὲἳ
344 859 460 914 quod
493 861 665 914 oportet
697 856 791 898 fieri
814 856 860 897 in
884 856 1105 912 discipulo.
1161 855 1274 908 Quia
1311 869 1494 911 praeesse
1518 854 1752 903 desiderat,

343 928 397 968 fit
428 927 602 968 odiosus
635 924 848 974 omnibus,
883 939 961 966 nec
995 924 1206 980 recipitur
1248 924 1293 964 in
1327 922 1517 979 gratiam
1551 922 1749 963 aliorum.

345 995 431 1037 Sed
464 995 593 1036 homo
631 1008 706 1049 per
738 1007 781 1034 se
814 1007 902 1033 non
937 995 1082 1048 potest
1116 992 1321 1047 proficere
1358 1006 1383 1031 a
1422 990 1672 1045 juventute,
1710 992 1754 1029 et

342 1063 440 1104 ideo
473 1077 571 1104 cum
603 1061 700 1102 aliis
733 1060 961 1115 displiceat
992 1074 1070 1101 nec
1104 1063 1249 1115 potest
1284 1060 1331 1100 in
1365 1058 1511 1099 studio
1548 1057 1754 1113 proficere

341 1131 430 1173 ullo
474 1130 612 1171 modo.
677 1128 736 1169 Et
780 1128 1025 1184 specialiter
1070 1127 1255 1182 impedit
1298 1126 1510 1182 superbia,
1544 1126 1647 1181 quia
1683 1139 1752 1166 su-

343 1200 501 1256 perbus
544 1197 727 1253 despicit
778 1196 894 1245 alios,
941 1203 985 1236 et
1032 1195 1216 1236 aliorum
1261 1194 1472 1245 scientias,
1520 1197 1565 1235 et
1609 1193 1756 1234 onmia

342 1268 546 1324 reprobat
579 1280 676 1321 quae
708 1265 893 1320 ignorat.
959 1263 1143 1304 Invidus
1174 1262 1376 1304 similiter
1405 1261 1481 1317 qui
1510 1261 1616 1302 alios
1649 1261 1755 1312 odit,

344 1340 388 1378 et
432 1336 550 1378 dolet
594 1335 647 1375 de
693 1333 890 1374 utilitate
938 1331 1139 1388 proximi,
1185 1331 1424 1373 necessario
1472 1333 1537 1372 est
1584 1329 1756 1371 odiosus

344 1405 468 1456 aliis3
511 1407 556 1445 et
587 1402 684 1444 ideo
718 1416 795 1443 nec
827 1399 1120 1442 communicat
1151 1399 1258 1447 aliis,
1293 1413 1372 1440 nec
1405 1398 1479 1439 alii
1517 1397 1755 1440 communi-

346 1476 448 1514 cant
485 1473 537 1523 ei,
571 1473 749 1527 propter
791 1468 908 1524 quod
951 1468 1157 1525 proficere
1201 1482 1290 1508 non
1334 1470 1493 1522 potest,
1542 1466 1758 1523 praecipue

346 1556 444 1582 cum
476 1541 571 1595 ipsa
602 1538 769 1580 invidia
801 1552 855 1578 ex
888 1552 967 1578 sua
994 1536 1261 1592 proprietate
1287 1535 1392 1577 facit
1418 1536 1613 1576 animum
1645 1549 1759 1575 mar-

347 1623 519 1658 cescere,
556 1611 600 1649 et
642 1607 870 1657 tabescere,
916 1609 960 1647 et
993 1604 1218 1660 putrefieri
1261 1603 1559 1659 spiritualiter,
1599 1607 1643 1644 et
1686 1603 1757 1644 de-

347 1679 473 1719 ficere
519 1677 567 1717 in
618 1690 662 1717 se
714 1674 842 1730 ipso,
895 1676 939 1714 et
990 1673 1087 1713 ideo
1138 1672 1253 1713 vires
1296 1686 1385 1713 non
1433 1671 1566 1712 habet
1613 1670 1760 1712 anima

348 1746 578 1796 invidiosa,
611 1758 690 1784 nec
733 1745 878 1798 potest
910 1741 966 1782 ad
1011 1740 1147 1781 ardua
1194 1754 1324 1796 opera
1368 1739 1594 1794 sapientise
1632 1753 1758 1794 pene-

349 1818 477 1856 trare.
544 1812 842 1866 Similiterque
887 1809 999 1851 sicut
1031 1809 1215 1864 superbo
1260 1822 1350 1849 non
1391 1808 1564 1862 placent
1607 1807 1759 1856 aliena,

350 1883 425 1924 sed
469 1882 537 1923 his
574 1879 781 1930 detrahit,
819 1882 863 1920 et
904 1878 1109 1933 reprobat
1152 1890 1202 1917 ea
1245 1879 1630 1932 quantumcunque
1672 1875 1763 1916 sint

351 1951 618 2007 dignissima,
662 1951 839 2004 propter
887 1946 1003 2001 quod
1055 1944 1233 1986 invidus
1276 1958 1331 1985 ex
1378 1958 1456 1985 sua
1496 1944 1763 1999 proprietate

353 2032 656 2075 quamcunque
688 2015 950 2072 sapientiam
993 2013 1040 2054 in
1083 2013 1181 2054 aliis
1224 2012 1408 2067 despicit
1445 2015 1489 2053 et
1531 2011 1763 2062 annihilat,

353 2092 398 2131 et
429 2088 525 2129 ideo
559 2084 731 2127 malitia
772 2099 850 2125 sua
888 2097 976 2123 non
1021 2080 1239 2137 permittit
1271 2095 1370 2121 eum
1404 2080 1552 2121 lumen
1594 2080 1764 2135 sapien-

353 2158 429 2200 tiae
461 2155 659 2210 recipere,
694 2153 768 2194 sed
800 2151 1074 2207 blasphemat
1113 2149 1274 2205 omnia·
1296 2163 1393 2204 quie
1424 2148 1613 2204 ignorat.
1678 2147 1764 2189 Sed

354 2226 420 2267 ira
453 2224 713 2266 furiosorum
750 2220 895 2262 brevis
938 2222 1013 2268 est,
1048 2221 1098 2259 ut
1135 2217 1199 2258 ait
1239 2220 1382 2272 poeta,
1417 2231 1513 2271 quae
1556 2231 1652 2258 cum
1685 2217 1764 2257 fiat

355 2291 627 2348 frequentius
658 2290 847 2331 vertitur
879 2287 925 2328 in
962 2286 1134 2338 furiam,
1167 2288 1211 2326 et
1243 2285 1539 2335 continuatur,
1574 2288 1618 2326 et
1653 2284 1763 2325 mul-

356 2361 585 2416 tiplicatur
617 2358 758 2413 passio
790 2355 905 2397 mala
942 2354 989 2395 in
1023 2354 1180 2404 anima,
1217 2368 1314 2408 quae
1353 2356 1420 2394 est
1454 2352 1631 2393 omnino
1665 2366 1764 2393 con—

359 2429 494 2471 traria
534 2426 707 2468 rationi.
772 2424 905 2465 Unde
942 2425 1206 2478 praeceptum
1243 2421 1327 2461 fuit
1362 2435 1388 2461 a
1421 2420 1615 2471 Platone,
1649 2419 1765 2475 quod

359 2496 594 2540 iracundus
640 2508 729 2535 non
783 2492 862 2532 fiat
914 2490 1151 2545 discipulus
1203 2488 1440 2543 sapientiae,
1494 2502 1572 2529 nec
1618 2487 1765 2529 studio

361 2566 455 2621 ejus
505 2566 642 2614 vacet,
692 2560 895 2616 quoniam
947 2558 1150 2614 proficere
1201 2571 1289 2598 non
1342 2559 1495 2611 potest,
1548 2571 1597 2597 eo
1651 2556 1766 2611 quod

363 2635 559 2676 animum
608 2644 775 2686 semper
831 2627 964 2669 habet
1014 2626 1254 2675 turbatum,
1298 2639 1377 2666 nec
1418 2627 1560 2680 potest
1602 2624 1766 2680 aliquid

832 2850 838 2869 ¹
857 2850 912 2882 Dc
933 2850 1073 2882 Ciuitate
1090 2847 1174 2891 Dee]
1195 2846 1262 2880 viii.
1281 2851 1309 2879 3.
