1964 3259
336 263 392 309 72
850 269 1021 301 nocnm
1054 267 1249 301 BACONis
1632 258 1747 315 [cim

337 387 535 445 alicujus,
577 389 621 430 et
661 400 760 429 cum
802 384 1079 428 excusatione
1116 383 1319 426 humanae
1356 382 1622 440 fragilitatis.
1686 383 1748 425 Et

339 457 635 514 exemplorum
686 453 1020 497 multitudinem
1064 452 1339 504 declinemus,
1384 453 1428 494 et
1471 451 1750 494 consuetudi-

337 541 439 569 nem
480 539 649 582 semper
689 523 932 566 habeamus
961 525 1217 578 suspectam,
1258 523 1303 562 et
1344 519 1478 563 simus
1512 535 1568 562 ex
1601 520 1751 576 paucis

338 598 384 637 et
426 594 479 636 de
521 607 702 635 numero
739 592 988 648 sapientum
1025 593 1069 632 et
1103 593 1357 631 sanctorum
1405 591 1622 645 quantum
1654 602 1752 644 pos-

341 677 502 714 sumus,
522 665 575 704 ut
600 675 775 703 sensum
811 658 1113 701 multitudinis
1147 658 1374 700 evitemus.
1436 656 1554 699 Nam
1585 671 1753 713 semper

341 747 367 773 a
400 729 614 787 principio
656 728 811 770 mundi
852 727 1070 784 sapientes
1113 740 1274 777 omnes,
1312 729 1365 768 ut
1395 725 1537 767 sancti
1579 729 1623 767 et
1659 725 1754 767 veri

342 798 600 856 philosophi,
652 799 967 853 separaverunt
1023 810 1066 837 se
1117 810 1143 836 a
1194 809 1321 836 sensu
1372 794 1507 850 vulgi,
1565 797 1658 836 tam
1710 794 1757 835 in

344 867 527 910 scientia
568 881 701 922 quam
737 866 784 906 in
819 865 942 907 vita:
990 864 1093 919 quia
1127 863 1200 905 illc
1233 866 1284 905 ut
1326 862 1396 904 in¹
1438 862 1640 918 pluribus
1692 864 1759 905 est

347 950 563 988 erroneus,
597 938 641 977 et
671 948 899 989 nunquam
930 936 996 975 est
1027 932 1251 989 perfectus.

123 1002 196 1034 The
213 1002 285 1077 figst
408 1005 566 1047 Totam
597 1017 701 1046 vero
732 1002 919 1059 primam
956 1004 1126 1057 partem
1160 999 1340 1055 Majoris
1374 999 1529 1056 Operis
1564 999 1673 1040 facio
1705 998 1757 1040 de

122 1052 287 1132 {ffitgpus
350 1073 431 1114 hac
493 1071 690 1121 materia,
754 1070 869 1126 quia,
922 1069 1009 1111 nisi
1072 1069 1169 1110 istae
1222 1082 1362 1110 causae
1414 1067 1759 1118 excluderentur,

122 1135 310 1211 {fflisssessx‘
351 1140 473 1182 nulla
523 1137 745 1195 persuasio
796 1140 942 1193 potest
993 1136 1089 1178 fieri
1140 1136 1372 1188 veritatis3
1434 1150 1513 1177 nec
1564 1149 1761 1192 unquam

124 1190 287 1255 devotedy
353 1209 454 1251 volo
501 1207 761 1264 persuadere
803 1205 971 1247 homini
1013 1204 1085 1246 vel
1126 1204 1179 1246 de
1229 1203 1388 1256 studio,
1432 1204 1505 1246 vel
1547 1205 1600 1245 de
1651 1203 1760 1255 vita,

123 1268 261 1354 ζζζὲὲὲῑ
354 1277 439 1320 nisi
475 1277 618 1333 primo
654 1289 854 1318 moneam
886 1289 986 1316 eum
1018 1274 1103 1316 ista
1134 1272 1350 1314 declinare
1386 1271 1500 1315 sicut
1531 1286 1763 1322 venenum,

353 1350 398 1389 et
429 1345 546 1402 quod
574 1344 729 1387 saltem
765 1346 915 1386 teneat
947 1343 1058 1384 hanc
1101 1341 1410 1384 auctoritatem
1454 1341 1507 1382 de
1538 1340 1650 1381 libro
1691 1339 1765 1381 Se-

352 1414 594 1457 cundarum
647 1410 974 1468 Epistolarun12
1023 1410 1198 1453 Senecae
1241 1409 1288 1451 in
1319 1409 1552 1451 memoria:
1603 1407 1766 1449 “Inter

355 1487 377 1506 “
409 1497 559 1524 causas
610 1481 824 1523 malorum
876 1482 1124 1521 nostrorum
1178 1480 1254 1530 est,
1309 1477 1426 1533 quod
1477 1476 1669 1518 vivimus
1710 1475 1767 1517 ad

355 1555 378 1574 ‘⁴
411 1549 637 1605 exempla;
671 1563 749 1590 nec
790 1548 960 1589 ratione
993 1546 1303 1602 componimur,
1339 1544 1414 1587 sed
1456 1543 1768 1587 consuetudine

356 1622 381 1642 “
412 1618 680 1660 adducimur.
759 1615 887 1668 Quod
930 1615 966 1656 si
1007 1615 1135 1671 pauci
1175 1614 1379 1665 facerent,
1420 1613 1633 1655 nollemus
1674 1612 1770 1653 imi-

355 1690 380 1710 “
412 1686 528 1738 tari3
580 1699 679 1727 cum
718 1683 864 1740 plures
906 1682 1056 1735 facere,
1099 1682 1313 1738 coeperint
1353 1681 1456 1737 quia
1499 1679 1772 1736 frequentius

359 1759 382 1778 “
415 1754 538 1810 quasi
592 1751 818 1794 honestius
871 1750 1063 1792 facimus.
1138 1749 1265 1792 Recti
1310 1749 1454 1791 locum
1501 1749 1619 1805 apud
1661 1746 1772 1790 nos³

360 1827 384 1846 “
416 1824 541 1864 tenet
563 1835 694 1873 error,
716 1820 792 1861 ubi
820 1818 1019 1876 publicus
1040 1818 1181 1861 sactus
1203 1816 1307 1860 est.’'
1359 1817 1415 1858 In
1435 1820 1534 1859 tota
1555 1816 1771 1872 sapientia

360 1889 591 1946 theologiae
624 1892 670 1930 et
704 1887 818 1944 juris
849 1886 1046 1929 canonici
1075 1889 1121 1929 et
1160 1885 1457 1942 philosophiae,
1498 1899 1589 1926 non
1620 1888 1686 1926 est
1717 1884 1771 1927 de

360 1959 441 2001 hac
482 1957 666 2000 materia
709 1959 802 1998 tam
843 1954 1024 2011 pulchra
1064 1954 1296 2004 sententia,
1338 1953 1443 1995 istas
1494 1957 1583 1995 tres
1624 1967 1774 1995 causas

362 2040 559 2070 errorum
598 2027 851 2067 nostrorum
892 2023 1100 2079 colligens
1150 2022 1199 2064 in
1239 2036 1329 2063 una
1369 2021 1634 2064 auctoritate
1675 2036 1774 2063 con-

363 2095 501 2138 tinua.
594 2092 825 2149 Optimum
856 2091 1051 2141 verbum,
1096 2093 1141 2133 et
1182 2091 1301 2132 omni
1342 2090 1538 2146 sapiente
1579 2090 1773 2145 dignum,

364 2166 410 2206 et
452 2161 509 2204 ab
552 2161 646 2218 ipso
690 2161 784 2202 Deo
826 2160 1081 2202 revelatum.
1160 2158 1293 2202 Unde
1339 2158 1577 2214 Apostolus
1613 2158 1776 2201 Paulus

365 2230 474 2273 dicit
515 2230 563 2271 in
605 2228 789 2286 epistola
829 2228 886 2270 ad
918 2227 1128 2270 Senecam
1146 2226 1181 2269 :4
1214 2226 1552 2282 “praeprudenti
1593 2226 1679 2268 tibi
1710 2241 1775 2269 re-

368 2303 391 2321 “
422 2298 571 2340 velata
600 2300 705 2339 sunt
736 2311 833 2352 quae
863 2296 1012 2352 paucis
1040 2294 1264 2339 Divinitas
1294 2294 1542 2336 concessit.”

429 2365 477 2407 Si
512 2365 651 2421 igitur
682 2364 759 2406 has
791 2367 879 2405 tres
914 2365 1056 2420 pestes
1097 2378 1195 2406 cum
1228 2369 1385 2419 quarta
1414 2362 1645 2418 principali
1674 2363 1781 2405 veli-

370 2447 467 2476 mus
508 2432 748 2484 excludere,
791 2434 898 2473 tunc
939 2445 1167 2487 possumus
1207 2431 1443 2473 veritatem
1484 2431 1532 2471 in
1574 2431 1777 2474 omnibus

371 2501 532 2550 videre,
568 2503 613 2542 et
650 2513 822 2542 omnem
853 2498 1091 2541 falsitatem
1123 2499 1231 2541 vitae
1259 2501 1306 2540 et
1335 2498 1563 2554 sapientiae
1599 2514 1626 2541 a
1653 2500 1780 2542 nobis

373 2568 575 2624 relegare.
670 2567 728 2609 Et
779 2566 816 2608 si
857 2565 955 2607 aliis
995 2580 1247 2622 praesumus,
1290 2568 1397 2607 tunc
1447 2580 1675 2622 possumus
1725 2568 1781 2611 ab

425 2772 432 2791 ι
451 2770 502 2813 in]
529 2779 594 2802 om.
622 2769 664 2802 B.
1160 2770 1171 2788 ⁴
1191 2767 1362 2812 Senecam]
1389 2768 1528 2812 Among
1550 2769 1605 2803 the
1628 2769 1785 2814 Apoery-

422 2825 435 2843 2
453 2820 924 2865 SecundarumEpistolarum]
942 2820 1047 2864 Epist.
1117 2821 1183 2863 pha
1208 2820 1246 2853 of
1272 2821 1327 2853 the
1358 2820 1443 2854 New
1474 2822 1673 2857 Testament,
1723 2824 1787 2859 See

379 2874 494 2909 cxxiii.
512 2885 542 2916 p.
561 2878 634 2907 614.
1118 2885 1149 2918 p.
1168 2877 1243 2915 508,
1259 2874 1309 2907 ed.
1327 2873 1428 2908 Giles.

426 2930 437 2948 ³
453 2927 544 2970 apud
558 2927 631 2970 nos]
659 2937 724 2961 om.
748 2927 787 2960 Τ.
1079 2951 1093 2969 1
