1964 3259
227 239 431 295 xxxvii]
747 247 861 279 opus
892 246 1104 278 TERTIUM.
1542 237 1557 275 'l
1572 237 1624 277 19

223 365 441 407 sententia
482 364 689 407 Averro'i's
736 377 863 419 super
912 361 1149 403 secundum
1210 360 1371 402 librum
1420 360 1531 402 Coeli
1584 365 1628 403 et

227 432 418 475 Mundi.l

282 501 342 544 Et
361 502 409 543 in
439 501 506 542 his
526 502 670 556 potest
690 500 836 540 vestra
856 497 1066 540 celsitudo
1080 497 1096 520 2
1132 497 1322 539 conferre
1355 510 1454 538 cum
1485 496 1622 537 0111111-

222 569 303 611 bus
331 568 610 625 sapientibus,
647 570 691 608 et
721 565 950 622 reprobare
982 565 1099 621 quod
1132 565 1291 622 vulgus
1323 564 1624 620 theologorum

222 641 266 679 et
296 635 691 694 philosophantium
730 634 882 676 dicunt
910 634 958 675 in
988 634 1069 675 hac
1100 636 1234 689 parte.

281 703 461 747 Postea3
495 704 548 746 fit
579 704 707 759 longe
738 702 877 758 major
909 705 953 744 et
988 701 1209 758 pulchrior
1245 701 1532 743 consideratio
1569 702 1622 743 de
1641 707 1817 761 Causespf

220 774 322 815 locis
352 772 516 823 mundi,
550 771 714 813 scilicet
746 771 799 813 de
830 770 1030 826 partibus
1061 770 1379 812 habitabilibus
1411 784 1488 826 per
1509 770 1621 811 mul-
1639 754 1694 785 the
1709 765 1817 786 vama-

1638 799 1707 830 tion
1718 799 1757 831 of
1766 805 1850 832 tem-

219 841 510 897 tiplicationes
556 839 788 889 radiorum,
823 841 1035 895 quantum
1070 838 1232 881 scilicet
1263 842 1407 895 potest
1428 838 1621 880 habitari
1638 848 1789 884 perature
1806 845 1841 877 in

219 912 395 965 propter
425 909 620 960 calorem,
645 912 689 950 et
711 911 924 964 quantum
946 910 1124 963 propter
1154 907 1302 964 frigus,
1337 911 1381 949 et
1408 910 1621 963 quantum
1637 888 1820 974 {tffilssssllssg-

219 992 316 1018 non.
380 977 439 1018 Et
469 976 795 1032 investigantur
827 975 1144 1031 complexiones
1187 975 1383 1017 omnium
1428 976 1620 1017 locorum
1639 977 1802 1028 tqrialrffi

220 1046 374 1087 mundi
403 1045 718 1101 principalium,
752 1058 828 1100 per
869 1058 967 1099 quae
1010 1047 1154 1100 potest
1197 1043 1297 1085 sciri
1330 1044 1383 1085 de
1420 1044 1545 1096 aliis3
1578 1047 1622 1086 et
1639 1031 1744 1064 g10ns.

219 1114 445 1156 invenitur
477 1113 594 1169 quod
630 1113 723 1154 loca
754 1112 835 1154 sub
868 1112 977 1168 polis
1005 1112 1159 1154 mundi
1185 1112 1385 1167 quaedam
1418 1115 1519 1153 sunt
1556 1112 1621 1153 in-

219 1182 480 1224 habitabilia
537 1184 715 1237 propter
760 1180 907 1237 frigus,
956 1180 1157 1235 queedam
1203 1183 1380 1236 propter
1425 1180 1621 1232 calorem,

222 1251 423 1306 quaedam
454 1248 587 1291 sunt4
616 1249 1014 1305 temperatissima3
1046 1263 1144 1291 cum
1166 1250 1316 1290 tamen
1348 1248 1623 1301 Ptoloniaeus‚

221 1322 267 1360 et
297 1318 385 1360 fere
417 1332 566 1359 omnes
602 1321 811 1368 auctoreS,
854 1319 900 1358 et
943 1319 1086 1362 totum
1118 1317 1277 1373 vulgus
1320 1317 1624 1373 philosophan—

222 1387 337 1428 tium
369 1386 498 1436 dicat,
533 1385 650 1441 quod
682 1385 828 1426 omnia
859 1384 953 1427 loca
984 1385 1066 1426 sub
1099 1385 1209 1440 polis
1240 1386 1396 1427 mundi
1428 1389 1530 1427 sunt
1561 1386 1626 1427 in-

223 1453 483 1495 habitabilia
512 1455 691 1510 propter
722 1453 869 1509 frigus.
932 1452 1019 1494 Sed
1042 1453 1223 1494 ostendo
1246 1467 1322 1508 per
1344 1453 1626 1496 Aristotelem

222 1523 340 1578 quod
371 1522 433 1563 ibi
465 1524 567 1563 sunt
595 1522 689 1563 loca
711 1521 938 1562 combusta
955 1537 964 1572 3
997 1523 1043 1562 et
1074 1535 1151 1576 per
1172 1520 1366 1561 Plinium
1389 1521 1506 1576 quod
1538 1522 1627 1564 sint

222 1591 315 1632 loca
345 1589 742 1645 temperatissima3
779 1591 823 1630 et
856 1588 1029 1643 assigno
1060 1602 1210 1630 causas
1241 1588 1426 1630 istarum
1458 1592 1627 1631 contra-

219 1659 459 1700 rietatum:
494 1661 540 1699 et
570 1658 794 1699 radiorum
826 1656 1137 1712 multiplicatio
1182 1657 1421 1699 seeundum
1463 1658 1627 1714 figuras

217 1730 263 1768 et
294 1727 431 1769 lineas
461 1726 532 1768 hic
564 1725 812 1782 specialiter
859 1728 1074 1781 operatur.
1138 1725 1257 1767 Nam
1288 1729 1468 1782 propter
1498 1741 1625 1782 pyra-

217 1795 354 1837 mides
387 1795 611 1836 radiorum
641 1795 871 1850 longiores,
907 1800 952 1835 et
988 1796 1168 1850 propter
1201 1794 1458 1837 reflexiones
1485 1795 1628 1837 diver-

216 1877 295 1914 sas,
323 1862 490 1911 accidit,
515 1877 614 1904 cum
645 1862 742 1902 aliis
765 1861 917 1911 causis,
940 1861 1033 1903 haec
1055 1861 1267 1903 mirabilis
1288 1862 1490 1914 varietas,
1514 1863 1626 1905 sicut

217 1930 398 1972 ostendi.
460 1929 520 1971 Et
550 1929 776 1971 invenitur
808 1928 925 1984 quod
956 1929 1050 1970 loca
1080 1929 1127 1969 in
1160 1929 1316 1971 medio
1343 1930 1510 1982 mundi,
1544 1930 1624 1973 sub

219 1997 511 2053 aequinoctiali
536 1997 706 2047 circulo,
729 1996 808 2038 ubi
838 1996 1027 2039 maxime
1060 1997 1194 2039 currit
1226 1998 1300 2048 sol,
1325 2001 1428 2040 sunt
1458 2005 1625 2055 tempe-

218 2072 325 2117 rata,
359 2066 475 2121 quod
509 2071 573 2107 est
604 2070 755 2106 contra
777 2064 964 2120 vulgus3
997 2072 1040 2107 et
1077 2066 1211 2107 etiam
1246 2066 1460 2121 sapientes
1485 2068 1625 2123 aliqui

218 2133 539 2176 rationabiliter
582 2133 795 2175 dubitant.
858 2133 975 2175 Nam
1007 2133 1071 2174 ibi
1101 2133 1168 2175 bis
1212 2134 1258 2174 in
1302 2149 1415 2175 anno
1459 2135 1624 2177 cadunt

218 2202 333 2243 radii
362 2201 481 2252 recti,
516 2204 562 2243 et
593 2202 650 2243 ad
682 2201 864 2257 angulos
895 2204 1044 2253 rectos,
1079 2204 1123 2244 et
1155 2215 1242 2243 non
1273 2201 1544 2258 franguntur,
1579 2207 1623 2245 et

218 2270 505 2312 reflectuntur
536 2269 583 2310 in
614 2284 668 2319 se,
702 2272 878 2325 propter
925 2269 1040 2325 quod
1071 2270 1365 2325 geminantur,
1408 2276 1450 2312 et
1491 2286 1620 2327 pyra-

217 2337 355 2380 mides
398 2337 619 2380 breviores
662 2337 724 2379 ibi
756 2337 970 2389 accidunt,
1015 2351 1113 2393 quae
1155 2338 1301 2379 omnia
1343 2344 1445 2381 sunt
1490 2353 1618 2381 causa

216 2405 538 2448 combustionis.
602 2405 689 2447 Sed
721 2405 824 2461 quia
854 2405 1053 2448 fortiores
1085 2420 1224 2448 causae
1257 2412 1359 2449 sunt
1379 2407 1425 2448 in
1447 2414 1614 2450 contra-

216 2475 343 2526 rium,
374 2474 472 2516 ideo
505 2473 791 2516 succumbunt
821 2474 889 2516 hee
910 2474 1114 2521 rationes.
1165 2474 1225 2516 Et
1246 2475 1462 2530 sapientes
1487 2476 1617 2519 multi

218 2542 439 2586 aestimant
482 2542 598 2597 quod
640 2543 733 2585 haec
779 2541 875 2585 loca
921 2542 1008 2585 sint
1057 2543 1435 2599 temperatissima.
1497 2544 1615 2586 Nam

262 2746 270 2764 ¹
288 2745 429 2788 Mundi]
455 2746 547 2780 Sum.
562 2746 608 2780 iii.
625 2757 697 2790 cap.
713 2747 736 2779 i.
994 2748 1006 2765 ³
1021 2745 1155 2789 Postea]
1184 2746 1278 2789 Opus
1296 2747 1417 2790 Maius,
1427 2759 1459 2791 p.
1473 2752 1523 2782 80.

262 2799 274 2817 ²
284 2804 390 2841 potest
420 2805 528 2832 vestra
565 2799 731 2843 celsitudo]
773 2804 881 2833 vestra

218 2850 376 2884 celsitudo
396 2856 513 2894 potest,
535 2852 577 2885 T.
995 2852 1005 2870 ¹
1019 2852 1109 2895 sunt]
1136 2862 1199 2884 om.
1228 2852 1271 2887 T.
