1964 3259
147 1495 214 1534 6th,
233 1496 273 1528 of

146 1546 306 1592 punctua-

147 1591 225 1618 tlon.

376 250 464 290 480
887 259 1059 292 ROGERI
1090 257 1284 292 BAcoms
1669 251 1786 310 [CAP.

375 379 525 419 tamen
576 376 864 419 necessarium
927 379 994 419 est
1055 379 1235 433 propter
1285 376 1448 419 multas
1510 379 1784 434 quaestiones.

377 445 502 488 Sicut
536 445 641 489 Gen.
687 461 791 488 xxv.
827 445 921 502 [8.]‚
970 445 1164 502 “plenus
1209 445 1416 497 dierum,”
1461 447 1577 502 quod
1625 447 1787 490 dicitur

379 513 565 558 dierum
608 514 664 556 ab
707 515 947 571 interprete
991 514 1193 556 additum
1238 517 1334 566 est3
1387 514 1501 557 sicut
1544 514 1694 558 Naum
1725 515 1784 558 iii.

382 582 482 641 [7.]‚
530 583 679 636 “Quis
722 583 919 626 movebit
964 598 1094 640 super
1124 581 1231 626 te?''
1277 582 1578 640 Hieronymus
1622 584 1785 627 ibidem

375 652 501 694 addit
544 656 691 708 caput,
726 653 841 708 quod
875 651 1090 695 Hebraeus
1122 667 1211 694 non
1242 652 1389 705 habet,
1421 655 1601 709 propter
1636 668 1786 696 sensus

374 721 644 764 evidentiam
688 721 900 778 apposuit.
994 720 1209 764 Similiter
1253 721 1384 764 Deut.
1422 721 1497 764 xii.
1539 722 1664 779 [15.],
1707 722 1786 764 ubi

373 790 535 833 dicitur
569 790 718 833 “Sive
753 790 1031 833 immundum
1064 789 1238 842 fuerit,'’
1274 791 1488 848 interpres
1525 791 1700 834 addidit
1731 791 1787 833 ad

372 859 692 916 expositionem
743 859 886 916 hujus,
940 859 1019 902 1100
1072 863 1148 911 est,
1202 858 1492 902 maculatum
1544 863 1583 903 et
1635 859 1786 902 debile..

373 928 484 971 Cum
536 929 743 985 sequitur,
794 934 816 951 “
837 929 929 971 sive
975 927 1231 980 mundum,”
1275 928 1411 980 addit,
1453 928 1534 971 1100
1578 932 1656 979 est,
1710 928 1785 971 ’ἰη-

371 1003 550 1053 tegyrum
601 997 701 1040 sine
751 996 947 1040 macula.
1035 997 1249 1040 Similiter
1301 997 1499 1039 omnium
1551 998 1781 1039 nominum

373 1066 694 1108 Hebraicorum
727 1067 1114 1123 interpretationes
1156 1066 1329 1108 addidit
1360 1066 1576 1122 interpres
1607 1066 1664 1107 ad
1696 1067 1788 1108 evi-

372 1135 577 1177 dentiam.
642 1134 710 1177 Ut
743 1134 849 1177 Gen.
876 1135 1016 1177 xxxii.
1052 1134 1146 1191 [2.]‚
1184 1139 1206 1157 “
1230 1133 1466 1186 Manai1n‚”
1506 1134 1553 1176 id
1584 1138 1661 1186 est,
1692 1149 1784 1177 cas-

371 1209 475 1256 trum
514 1207 560 1246 et
601 1219 735 1247 xxxv.
786 1203 908 1259 [18.],
947 1202 1194 1254 “Benoni,’'
1231 1203 1277 1245 id
1310 1206 1388 1254 est,
1424 1202 1565 1258 filius
1617 1202 1786 1245 doloris

372 1272 473 1316 mei.
537 1273 598 1315 Et
634 1273 694 1315 sic
737 1273 789 1315 de
830 1272 983 1315 multis
1025 1272 1122 1315 aliis
1155 1271 1280 1327 quasi
1322 1271 1415 1314 81110
1447 1285 1640 1322 numero,
1688 1286 1784 1327 quae

372 1357 461 1384 non
493 1345 676 1399 possunt
709 1341 975 1398 deprehendi
1012 1355 1089 1398 per
1120 1340 1341 1392 Latinum,
1388 1340 1464 1382 sed
1509 1342 1681 1397 oportet
1718 1356 1782 1383 re-

373 1412 466 1454 dire
498 1412 554 1454 ad
588 1410 785 1453 Graecam
817 1411 991 1454 literam
1023 1414 1067 1453 et
1099 1409 1378 1452 Hebraicam.

434 1480 596 1523 Sextus
628 1495 753 1522 casus
796 1483 863 1523 est
897 1480 950 1522 de
997 1479 1282 1522 distinctione
1314 1479 1455 1521 literae
1486 1493 1563 1535 per
1606 1478 1709 1530 cola,
1744 1481 1788 1520 et

373 1553 556 1602 comata,
611 1552 655 1592 et
706 1549 918 1605 periodos,
973 1549 1090 1604 quod
1142 1552 1209 1591 est
1271 1548 1447 1589 omnino
1499 1547 1787 1590 necessarium

372 1619 492 1670 scire,
526 1617 689 1661 scilicet
722 1621 772 1659 ut
803 1617 883 1659 fiat
915 1632 1102 1669 caesuwe,
1135 1620 1179 1659 et
1211 1616 1525 1668 distinctiones,
1560 1619 1605 1657 et
1636 1630 1787 1657 versus

371 1687 535 1729 finales.
599 1686 702 1728 Non
733 1685 875 1728 solum
908 1685 1051 1741 turpis
1099 1688 1165 1727 est
1211 1684 1366 1727 horum
1415 1683 1666 1740 ignorantia
1712 1683 1787 1725 sed

370 1755 620 1811 periculosa,
645 1755 749 1810 quia·
771 1768 958 1797 errorem
980 1753 1151 1796 inducit
1173 1753 1221 1794 in
1252 1767 1380 1794 sensu
1402 1752 1525 1807 quasi
1546 1767 1623 1808 per
1644 1754 1785 1793 totam

371 1824 561 1865 Bibliam
583 1824 650 1865 his
673 1823 837 1865 diebus,
905 1822 1032 1874 Quod
1064 1822 1181 1864 enim
1214 1821 1321 1864 dicit
1344 1821 1560 1862 Dominus
1583 1820 1787 1862 Matthaei

370 1896 537 1943 octavo,
572 1892 618 1933 in
651 1891 876 1948 principio,
910 1891 1093 1947 leproso,
1129 1896 1150 1912 “
1174 1890 1298 1941 Volo,
1332 1889 1544 1931 mundare
1561 1888 1603 1940 ;’'
1635 1903 1786 1930 versus

371 1961 535 2018 duplex
568 1963 632 2003 est
666 1964 710 2003 et
742 1960 957 2017 periodus.
1023 1959 1153 2001 Unus
1186 1959 1302 2001 enim
1335 1957 1466 1999 debet
1499 1971 1588 1999 esse
1619 1956 1666 1998 in
1708 1957 1787 1999 hoc

369 2029 584 2072 vocabulo
622 2028 730 2081 volo,
766 2032 810 2071 et
843 2028 1046 2070 similiter
1093 2028 1140 2069 in
1172 2028 1253 2070 1100
1284 2026 1499 2068 vocabulo
1545 2024 1786 2068 mundare.

370 2098 488 2140 Nam
519 2097 751 2141 'mundare
782 2112 872 2140 non
904 2100 970 2139 est
1001 2096 1215 2138 infinitivi
1247 2095 1365 2137 modi
1397 2094 1473 2137 sed
1503 2094 1783 2150 imperativi3

368 2167 415 2209 id
447 2170 526 2219 est,
568 2171 660 2209 esto
691 2166 763 2208 vel
802 2166 860 2208 sis
899 2166 1152 2215 mundatus,
1197 2164 1436 2209 secundum
1473 2163 1589 2219 quod
1627 2162 1784 2205 Hiero-

369 2251 530 2292 nymus
573 2236 756 2292 exponit
799 2238 843 2277 et
887 2238 1010 2291 patet
1053 2235 1101 2276 in
1135 2234 1299 2276 Graeco.
1379 2232 1512 2274 Unde
1556 2232 1642 2273 duo
1680 2235 1785 2273 sunt

369 2319 521 2347 versus
554 2308 598 2347 et
629 2319 719 2346 non
750 2318 875 2345 1111118.
938 2303 1152 2346 Similiter
1175 2302 1303 2345 Lucae
1335 2301 1468 2344 tertio
1491 2300 1656 2343 decimo
1690 2300 1781 2356 [9.]‚

369 2373 447 2414 ubi
479 2387 630 2415 servus
663 2372 860 2428 loquitur
890 2372 946 2414 ad
970 2371 1215 2414 Dominum
1246 2371 1300 2412 de
1332 2371 1485 2412 arbore
1515 2368 1784 2410 infructuosa

370 2442 528 2492 dicens,
581 2441 678 2482 “Et
711 2441 747 2481 si
785 2440 962 2495 quidem
997 2439 1148 2482 fecerit
1184 2439 1386 2489 fructum,
1433 2438 1502 2479 sin
1545 2439 1693 2478 autem
1736 2436 1784 2476 in

373 2509 625 2551 “futurum
677 2508 869 2550 succides
921 2508 1042 2549 illam
1056 2506 1093 2559 ;'’
1135 2521 1307 2548 necesse
1352 2512 1416 2548 est
1462 2508 1514 2548 ut
1562 2505 1648 2545 duo
1692 2504 1782 2545 sint

372 2592 549 2628 versus3
580 2580 634 2619 ut
665 2577 831 2633 primus
863 2576 1126 2618 terminetur
1147 2574 1194 2616 in
1225 2575 1306 2616 hac
1339 2573 1530 2615 dictione
1551 2572 1779 2629 fructum.

372 2646 458 2689 Sed
492 2650 643 2688 tamen
684 2659 825 2687 sermo
869 2647 936 2687 est
980 2647 1219 2695 truncatus,
1269 2641 1370 2698 quia
1416 2645 1588 2699 oportet
1632 2640 1781 2683 subin-

371 2715 511 2771 telligi
542 2715 652 2756 bene
685 2714 873 2770 quidem,
905 2717 951 2755 et
980 2728 1069 2755 non
1100 2712 1338 2763 excidetur,
1369 2711 1442 2753 vel
1472 2710 1649 2766 aliquod
1681 2725 1780 2752 con-

371 2783 521 2825 simile.
585 2783 671 2825 Sed
703 2782 829 2824 istius
861 2781 1111 2838 explanatio
1153 2796 1230 2837 per
1261 2780 1462 2822 Graecum
1493 2779 1631 2835 magis
1662 2779 1783 2821 vide-

371 2856 453 2893 tur.
537 2850 596 2893 Et
633 2851 739 2893 Gen.
772 2850 960 2894 secundo
1007 2854 1106 2908 post
1149 2849 1439 2907 principium:
1486 2847 1628 2890 “Istae
1680 2850 1783 2890 sunt
