1964 3259
798 270 1013 302 PREFACE.
1552 267 1599 306 xi

258 381 313 422 In
335 383 408 424 the
429 397 535 438 year
559 385 683 434 1263,
708 399 765 433 or,
790 386 1020 442 according
1041 390 1087 428 to
1118 387 1275 437 others,
1302 391 1445 440 1264st
1470 392 1597 433 when
1615 384 1769 462 Issssngffit

195 449 269 490 the
301 450 539 492 dissension
570 466 661 493 was
702 455 749 493 ab
779 452 854 494 the
891 453 1064 510 highest
1094 455 1294 498 between
1326 456 1484 514 Henry
1506 459 1594 501 III.
1616 472 1729 513 Rogm-

1615 516 1740 549 Bacon.

244 685 464 729 ¹According
502 694 536 720 to
573 689 734 722 Matthew
772 691 865 724 Paris

200 741 292 776 1263,
339 741 518 783 according
555 747 589 773 to
631 743 793 775 Matthew
833 745 871 775 of

195 790 437 830 lVestminsten
454 795 529 825 who
544 795 618 826 tells
642 796 700 827 the
724 801 816 838 story
834 802 866 829 at

193 848 324 883 greater
340 845 464 886 length,
483 848 548 878 and
575 848 603 879 is
630 858 722 880 more
739 855 865 882 correct

194 904 236 926 on
252 896 318 926 this
334 898 496 937 occasion,
513 899 547 930 in
568 904 662 938 1254,
673 901 801 933 famous
814 902 865 933 for

193 947 249 979 the
266 949 366 981 battle
383 951 422 981 of
442 951 566 984 Lewes.
613 953 631 984 I
653 954 785 994 subjoin
809 955 865 986 the

194 999 336 1041 original
354 1015 360 1033 :
388 1004 407 1019 “
419 1003 576 1036 Summus
592 1005 702 1047 itaque
715 1007 864 1047 pontifex

193 1053 212 1068 “
236 1052 393 1085 Urbanus
425 1055 538 1098 [IV.]‚
565 1056 723 1090 instinctu
748 1059 862 1090 stimu-

193 1105 213 1121 “
236 1104 320 1137 latus
345 1107 493 1147 adverso,
510 1109 545 1140 in
571 1116 697 1150 partem
729 1112 864 1143 alteram

195 1157 215 1172 “
238 1157 443 1197 declinando,
475 1162 622 1193 favorem
653 1167 685 1194 et
716 1163 865 1195 animum

193 1210 214 1225 “
237 1211 402 1242 convertit
429 1213 604 1245 adversum
628 1215 787 1255 Barones,
805 1216 863 1247 irae

192 1263 211 1279 “
235 1266 268 1293 et
294 1262 533 1304 indignationis
563 1266 744 1306 immensae,
768 1278 864 1300 occa-

191 1315 212 1329 “
237 1312 326 1346 sione
348 1317 552 1356 spoliationis
579 1320 729 1360 personis
757 1322 862 1352 eccle-

236 1366 378 1399 siasticis
419 1369 531 1409 illatae,
571 1372 705 1403 trahens
747 1371 862 1404 incen-

193 1419 213 1434 “
236 1418 367 1456 tivum;
429 1421 536 1453 fertur
577 1428 688 1455 autem
726 1424 862 1465 dixisse,

192 1470 212 1486 “
237 1480 311 1502 eum
339 1482 406 1503 non
428 1475 502 1514 plus
526 1476 612 1507 velle
628 1476 741 1508 vivere
765 1488 863 1518 quam

191 1524 210 1538 “
235 1525 322 1563 quod
353 1526 486 1567 Anglos
516 1527 744 1569 subjugasset;
776 1531 862 1561 unde

192 1576 211 1590 “
235 1579 267 1606 et
297 1576 442 1618 legatum
474 1578 596 1611 direxit
634 1590 749 1612 versus
787 1581 862 1613 An·

192 1628 211 1644 “
233 1626 346 1668 gnam,
363 1629 473 1661 virum
502 1641 667 1664 summum
690 1633 862 1666 dominum

189 1680 208 1696 ‘⁴
233 1679 365 1712 Sabinae
423 1683 613 1726 episcopum
645 1686 861 1726 cardinalem,

188 1732 209 1748 ‘⁶
232 1733 274 1763 ad
304 1732 567 1768 interdicendum
596 1742 717 1770 terram
749 1744 781 1771 et
805 1750 861 1771 ex-

233 1786 545 1820 communicandum
591 1790 741 1823 Barones
787 1802 861 1833 pro-

234 1836 401 1870 visionum
432 1840 582 1881 inpresos
593 1843 652 1883 (P).
703 1843 768 1876 Sed
786 1855 862 1876 cum

187 1890 208 1904 ‘⁶
230 1893 353 1921 terram
381 1891 512 1934 ingredi
537 1894 723 1926 resistentia
748 1906 861 1929 eorum

188 1942 208 1958 “
230 1950 290 1981 pro
314 1942 410 1975 libitu
432 1955 500 1976 non
521 1956 616 1986 posse
634 1948 860 1987 persensisset,

188 1995 208 2009 ‘⁵
232 1993 341 2026 citatis
371 1996 480 2036 primo
503 1998 678 2038 Ambiani,
703 2005 736 2032 et
765 2007 856 2042 post-

234 2047 369 2078 modum
385 2049 559 2089 Bononiae,
578 2052 775 2092 quibusdam
793 2054 862 2095 epi-

192 2100 213 2116 “
237 2100 345 2140 scopis
371 2103 475 2143 regni,
493 2108 526 2135 et
551 2105 626 2137 aliis
654 2106 861 2147 quibusdam,

191 2154 211 2168 ‘⁴
234 2154 430 2186 sententiam
448 2158 802 2191 excommunicationis
831 2166 862 2192 et

190 2205 210 2222 ‘⁴
232 2202 477 2239 interdictionis
538 2219 635 2251 super
695 2211 862 2244 civitatem

189 2257 210 2271 “
232 2255 415 2290 Londoniae
462 2265 494 2292 et
530 2261 685 2304 Quinque
729 2264 861 2302 Portus,

190 2309 210 2324 ‘⁴
237 2319 367 2341 necnon
419 2316 451 2343 et
488 2315 646 2354 quasdam
706 2326 863 2357 personas

189 2363 209 2380 ‘⁶
232 2362 378 2394 illustres
410 2368 443 2395 et
469 2365 596 2398 nobiles
622 2368 720 2409 regni
750 2369 861 2401 fulmi—

191 2416 211 2432 “
237 2420 361 2454 natam,
394 2417 562 2450 commisit
604 2423 859 2462 exsequendam.

190 2469 210 2484 “
235 2469 285 2499 At
309 2468 368 2506 illi,
386 2470 584 2503 sententiam
612 2472 718 2513 ipsam
746 2480 862 2508 contra

193 2521 212 2537 “
231 2519 398 2560 justitiam
422 2521 549 2555 illatam
575 2527 790 2566 attendentes,
806 2538 860 2569 ap-

191 2574 211 2590 “
235 2573 402 2613 pellarunt
428 2575 470 2606 ad
497 2586 626 2617 papam,
652 2579 694 2610 ad
723 2580 861 2612 meliora

191 2625 211 2641 “
234 2629 390 2666 tempora,
417 2627 470 2658 vel
498 2629 539 2660 ad
565 2631 719 2671 generale
748 2633 859 2664 conci-

190 2677 210 2692 “
234 2676 326 2716 lium,
344 2688 474 2710 necnon
496 2685 528 2712 et
556 2691 745 2722 supremum
768 2685 859 2725 judi-

189 2730 210 2745 “
232 2738 304 2760 cem
319 2731 428 2762 cordis
444 2733 484 2764 de
500 2733 606 2765 causis
621 2740 654 2767 et
676 2737 859 2770 rationibus

192 2782 211 2797 “
235 2784 562 2818 commendabilibus.
634 2788 716 2828 Quae
747 2795 861 2831 postea

195 2834 215 2848 ‘⁴
236 2834 421 2874 appellatio,
448 2835 485 2870 in
508 2838 638 2882 Anglia
661 2848 860 2885 congregato

193 1366 212 1382 ‘5

189 1785 209 1800 66

190 1837 210 1852 6<

191 2046 212 2061 (ί

929 696 947 711 “
971 697 1057 735 apud
1074 696 1265 738 Radingum
1293 701 1434 733 concilio
1461 704 1598 736 recitata

973 750 1028 782 est,
1045 751 1078 777 et
1094 748 1134 778 ab
1152 748 1313 790 episcopis
1330 756 1362 782 et
1378 753 1466 784 clero
1482 764 1598 795 appro-

927 799 945 814 “
969 798 1046 830 bata
1077 804 1107 830 et
1139 807 1330 842 exsequuta.
1378 804 1596 838 Interdictum

926 852 945 866 “
969 855 1079 882 autem
1106 851 1182 884 licet
1206 853 1304 886 inviti
1336 852 1551 898 suscipientes
1577 870 1596 891 a

926 903 1079 944 “legato
1109 906 1260 945 praedicti
1298 908 1443 951 episcopi
1483 922 1594 943 secum

926 954 945 969 “
970 953 1168 987 detulerunt.
1218 956 1283 988 Sed
1315 969 1391 990 cum
1419 961 1594 1002 applicuis-

925 1006 945 1021 “
970 1010 1043 1037 sent
1057 1006 1227 1045 Dovoriae,
1252 1011 1412 1043 scrutinio
1436 1024 1479 1044 ex
1505 1025 1597 1046 more

968 1058 1002 1089 in
1027 1064 1125 1100 portu
1151 1061 1249 1101 facto,
1267 1062 1485 1105 interceptum
1512 1072 1560 1098 est
1576 1079 1595 1099 a

970 1111 1108 1149 civibus,
1126 1118 1159 1145 et
1175 1113 1210 1144 in
1226 1115 1383 1148 minutias
1401 1118 1596 1152 dilaniatum

926 1165 944 1178 “
963 1163 1109 1203 jactatur
1124 1165 1157 1196 in
1175 1176 1275 1199 mare.
1318 1169 1442 1201 Nuncii
1459 1172 1594 1213 quidam

926 1216 946 1231 ‘⁶
971 1217 1125 1256 celebres,
1159 1223 1227 1250 tam
1265 1221 1353 1262 regis
1391 1223 1597 1256 Francorum

925 1270 944 1285 “
970 1279 1068 1309 quam
1096 1271 1298 1312 Anglorum,
1316 1274 1382 1306 viz.
1412 1276 1449 1307 P.
1479 1277 1595 1309 Came-

924 1322 943 1336 “
968 1321 1083 1359 rarius,
1110 1323 1162 1353 vir
1188 1325 1310 1357 nobilis
1339 1328 1379 1358 de
1399 1328 1547 1369 Francia,
1564 1337 1596 1363 et

925 1375 943 1390 “
968 1373 1011 1404 Π.
1030 1375 1070 1405 de
1086 1375 1298 1416 Alemannia‚
1312 1389 1387 1410 cum
1403 1380 1477 1413 aliis
1493 1383 1595 1424 appli-

923 1427 943 1442 “
967 1426 1118 1459 cantibus
1158 1429 1328 1467 Bononiae,
1368 1443 1445 1464 cum
1487 1435 1596 1467 adhuc

923 1479 944 1494 “
967 1480 1118 1519 praedicti
1132 1482 1305 1521 pontifices
1331 1485 1509 1518 extiterent
1533 1488 1595 1519 ibi-

925 1532 945 1547 ⁴⁴
970 1532 1054 1570 dem,
1071 1533 1112 1564 ab
1138 1534 1313 1575 oppidanis
1340 1538 1481 1578 pessime
1504 1545 1590 1572 trac-

923 1584 943 1599 “
967 1583 1027 1615 tati
1053 1590 1137 1622 sunt,
1154 1587 1267 1619 multis
1290 1590 1469 1622 vulneratis
1494 1597 1526 1624 et
1553 1595 1594 1624 ad

923 1638 943 1652 “
966 1646 1087 1668 novem
1108 1639 1150 1670 de
1166 1639 1292 1681 Anglis
1319 1643 1496 1675 crudeliter
1522 1650 1593 1676 tru-

924 1690 944 1705 “
969 1689 1098 1729 cidatis,
1129 1701 1190 1724 nec
1221 1694 1431 1727 deferebatur
1451 1696 1589 1730 Franci-

923 1743 944 1758 “
968 1743 1062 1783 genis
1078 1754 1116 1775 eo
1133 1747 1220 1785 quod
1245 1746 1281 1777 in
1307 1748 1429 1781 ducatu
1456 1755 1489 1782 et
1516 1761 1593 1782 con-

924 1796 942 1811 “
966 1796 1067 1826 ductu
1090 1803 1250 1830 venerant
1273 1799 1591 1836 a1i01·um.”—M1tt.

931 1845 1028 1878 West.
1040 1848 1098 1879 sub
1115 1860 1168 1881 an.
1190 1854 1284 1882 1264.

967 1899 1062 1932 With
1078 1901 1145 1933 this
1171 1911 1312 1937 account
1327 1911 1415 1938 must
1437 1908 1478 1940 be
1501 1919 1590 1940 com-

923 1951 1023 1984 bined
1038 1953 1110 1985 that
1126 1955 1165 1986 of
1177 1956 1375 1999 Rishanger‚
1387 1959 1499 1992 which
1511 1963 1592 1994 adds

923 2009 957 2035 to
995 2005 1256 2040 Westminster’s
1294 2012 1461 2045 narrative
1500 2023 1589 2046 some

923 2067 997 2088 new
1013 2059 1078 2090 and
1094 2059 1273 2100 important
1287 2064 1484 2104 particulars
1495 2079 1548 2097 :—

969 2112 986 2127 “
1002 2110 1130 2143 Diebus
1169 2115 1228 2145 sub
1268 2115 1391 2148 eisdem
1429 2126 1592 2152 commota

923 2165 941 2180 ‘⁵
964 2164 1069 2201 turba,
1094 2175 1152 2206 per
1175 2167 1287 2199 orbem
1310 2169 1512 2210 universum,
1536 2174 1592 2204 ad-

923 2217 942 2232 “
965 2217 1083 2248 volans
1125 2226 1368 2253 sacrosanctam
1405 2223 1592 2257 Romanam

924 2270 944 2286 ‘⁶
969 2269 1152 2309 ecclesiam,
1183 2276 1340 2315 tanquam
1369 2275 1470 2307 totius
1500 2278 1592 2318 pacis

922 2321 942 2337 “
967 2321 1093 2353 fontem
1119 2327 1151 2355 et
1175 2324 1369 2367 magistram
1399 2329 1592 2362 salvationis

923 2375 941 2390 ‘⁶
965 2378 1108 2414 aeternae,
1126 2386 1194 2407 non
1210 2378 1370 2411 mediocri
1392 2384 1591 2415 verecundia

923 2429 942 2443 ‘⁴
966 2427 1111 2459 reddidit
1149 2429 1317 2471 agitatam.
1377 2432 1503 2466 Missus
1542 2442 1591 2468 est

922 2480 942 2495 “
966 2478 1071 2521 igitur
1086 2480 1121 2511 in
1138 2481 1301 2524 Angliam
1325 2485 1478 2518 dominus
1496 2487 1590 2519 Sabi-

922 2534 940 2548 “
964 2532 1075 2564 nensis
1101 2534 1282 2576 episcopus,
1299 2547 1318 2568 a
1334 2538 1435 2570 latere
1462 2540 1590 2572 domini

923 2586 941 2601 ‘⁶
965 2595 1070 2625 papae,
1093 2585 1222 2627 legatus
1247 2589 1434 2629 cardinalis,
1450 2596 1487 2623 ut
1502 2594 1591 2635 regis

923 2637 943 2652 ‘⁶
967 2642 999 2668 et
1028 2644 1221 2680 magnatum
1259 2643 1358 2674 corda
1396 2644 1436 2675 ad
1474 2655 1590 2685 pacem

922 2691 942 2706 ‘⁶
965 2689 1149 2729 inclinaret,
1167 2696 1200 2723 et
1224 2692 1483 2727 discordantium
1498 2707 1588 2729 men-

923 2743 942 2757 “
966 2746 1023 2780 tes,
1066 2743 1200 2784 depulso
1231 2745 1411 2779 omnimodi
1442 2750 1589 2782 rancoris

923 2795 943 2810 ‘⁵
967 2794 1092 2835 nubilo,
1125 2798 1309 2830 concordiae
1347 2799 1482 2833 vinculo
1513 2802 1589 2833 soli-

927 745 947 760 6‘

926 1060 944 1074 ‘6

926 1112 946 1127 ιζ

901 2848 944 2864 ’“
969 2847 1069 2881 daret.
1116 2848 1270 2892 Denique
1299 2853 1341 2883 ad
1371 2852 1434 2886 hoc
1465 2853 1523 2885 illo
1554 2854 1589 2887 in
