1964 3259
767 267 881 297 opus
912 267 1068 297 MINUS.
1534 260 1618 300 339

271 380 381 422 Dico
424 382 540 437 quod
581 382 670 424 sola
701 382 833 424 editio
871 382 1070 436 Vulgata,
1104 395 1200 436 (111εο
1232 384 1296 422 est
1329 380 1620 437 Septuaginta
1638 388 1783 422 various

211 447 513 504 interpretum,
554 449 640 491 fuit
691 449 876 491 ecclesiis
918 453 1019 490 ante
1072 449 1310 490 editionem
1354 449 1616 504 Hieronymi

211 518 530 560 communicata
571 521 782 572 tanquam
833 531 911 572 pro
964 517 1230 568 authentica,
1274 517 1371 558 aliae
1413 517 1617 573 legeban-

211 587 286 625 tur
325 600 351 626 a
380 585 487 627 Viris
529 585 833 636 ecclesiasticiS,
876 588 927 626 ut
952 599 1007 626 ex
1038 600 1186 626 earum
1218 585 1448 627 collatione
1478 586 1616 642 magis

208 656 379 707 pateret
421 653 651 695 translatio
693 652 995 708 Septuaginta,
1043 657 1088 695 et
1127 657 1306 709 propter
1351 654 1487 695 studii
1530 654 1617 710 ple-

209 720 308 762 nius
340 722 607 771 exercitium,
631 721 742 763 sicut
771 721 871 762 vult
901 721 1210 777 Hieronymus.
1274 722 1469 777 Excepto
1501 722 1617 777 quod

209 788 517 831 Theodotionis
567 789 797 831 translatio
855 789 902 830 in
954 789 1137 830 Daniele
1189 789 1463 845 vulgabatur.
1557 790 1617 831 Et

208 861 385 912 propter
420 858 501 898 hoc
535 857 658 898 nulla
693 857 875 898 aliarum
917 872 944 898 a
987 858 1271 899 translatione
1309 858 1613 914 Septuaginta,

208 928 365 979 praeter
394 925 555 966 librum
578 925 784 977 Danielis,
818 940 873 967 ex
906 926 1056 968 Graeco
1086 926 1173 968 fuit
1203 926 1250 967 in
1282 926 1491 968 Latinum
1523 941 1616 968 mu-

207 994 313 1034 tata.
397 993 509 1035 Cum
560 993 698 1049 igitur
747 993 824 1035 illa
875 1009 964 1036 11011
1015 998 1082 1037 est
1123 995 1170 1035 in
1219 1010 1302 1036 usu
1344 995 1614 1044 Latinorum,

206 1074 285 1102 nec
335 1061 648 1117 theologorum,
699 1065 752 1103 ut
813 1076 960 1104 omnes
1011 1063 1154 1104 sciunt
1216 1063 1291 1117 qui
1350 1063 1616 1119 theologiam

207 1132 436 1179 noverunt,
458 1129 741 1171 manifestum
773 1133 838 1171 est
864 1130 1129 1186 Hieronymi
1160 1130 1492 1172 translationem
1524 1146 1614 1172 0330

205 1196 324 1238 illam
361 1212 492 1252 quam
534 1198 710 1240 ecclesia
756 1198 911 1254 recipit
952 1198 1020 1240 his
1070 1198 1350 1255 temporibus.
1435 1199 1495 1240 Et
1535 1199 1615 1241 1100

209 1270 274 1306 est
314 1265 547 1307 intentum.

271 1332 357 1374 Sed
398 1348 496 1375 cum
538 1334 680 1375 omnis
723 1334 886 1376 veritas
928 1335 1192 1377 calumniam
1234 1335 1400 1391 recipit,
1446 1339 1490 1377 et
1532 1335 1612 1377 hoc

208 1404 273 1442 est
314 1401 617 1457 multipliciter
647 1406 826 1458 propter
866 1403 1161 1459 ignorantiam
1198 1403 1269 1445 vel
1309 1404 1610 1459 praesumptio-

208 1482 309 1510 nem
351 1472 395 1510 et
436 1469 629 1525 aliquam
670 1470 885 1512 malitiam
921 1471 1160 1522 hominum,
1199 1475 1372 1527 oportet
1411 1472 1612 1513 evacuari

209 1551 306 1592 quae
352 1541 535 1593 possunt
582 1538 786 1579 somniari
830 1538 878 1579 in
922 1540 1199 1580 contrarium.
1278 1539 1444 1581 Dicunt
1475 1539 1613 1594 igitur

207 1608 405 1646 auctores
461 1620 487 1646 a
539 1605 725 1660 triginta
781 1606 909 1647 annis
970 1606 1062 1647 ficti
1121 1606 1237 1661 quod
1279 1606 1436 1662 quinta
1477 1607 1610 1648 editio

207 1675 283 1722 est,
317 1687 414 1728 quae
456 1672 650 1729 Vulgata
690 1674 952 1715 nominatur.
1017 1673 1150 1716 Unde
1189 1674 1322 1730 Hugo
1372 1674 1419 1715 in
1456 1674 1612 1716 Didas-

205 1740 357 1782 calica1
382 1741 490 1782 dicit
512 1741 628 1796 quod
651 1741 806 1796 quinta
832 1741 1086 1783 nominatur
1108 1742 1312 1798 Vulgata,
1337 1745 1380 1783 et
1403 1742 1613 1798 Magister

206 1808 506 1850 Historiarum
558 1809 665 1850 dicit
709 1809 824 1864 quod
867 1809 1077 1851 historia2
1109 1810 1304 1865 Vulgata
1344 1810 1607 1860 nominatur,

206 1876 309 1931 quia
350 1877 442 1932 ejus
484 1880 634 1919 auctor
679 1877 916 1932 ignoratur.
996 1878 1057 1918 Et
1097 1881 1274 1933 propter
1315 1877 1395 1918 hoc
1436 1878 1611 1933 fingunt

204 1944 334 1985 multi
387 1945 493 1985 novi
551 1959 693 1985 errore
746 1945 935 2000 decepti,·
992 1945 1109 1999 quod
1159 1945 1252 1986 haec
1313 1945 1449 1986 editio
1512 1960 1608 2000 quae

205 2012 341 2052 currit
374 2012 442 2053 his
475 2011 746 2067 temporibus
780 2015 845 2053 est
883 2012 1087 2068 Vulgata,
1127 2013 1291 2054 scilicet
1324 2012 1480 2068 quinta
1511 2028 1607 2068 quae

205 2079 407 2120 successit
457 2080 734 2120 translationi
787 2079 1088 2136 Septuaginta,
1141 2084 1318 2136 propter
1360 2081 1440 2122 hoc
1492 2081 1608 2137 quod

205 2146 297 2188 haec
319 2161 451 2202 quam
472 2146 619 2188 11111103
639 2147 849 2188 habemus
877 2163 965 2189 non
987 2152 1052 2189 est
1076 2147 1348 2203 Hieronymi,
1372 2152 1424 2189 ut
1446 2149 1607 2191 dicunt.

206 2214 293 2256 Sed
325 2215 446 2257 istud
487 2215 629 2271 primo
670 2218 794 2270 patet
834 2230 924 2257 esse
973 2216 1132 2257 falsum
1183 2231 1260 2272 per
1300 2217 1608 2258 auctoritatem

205 2282 363 2324 Isidori
404 2286 449 2324 et
490 2283 753 2339 exemplaria
803 2283 988 2339 antiqua
1029 2284 1081 2325 de
1123 2284 1280 2339 quibus
1323 2285 1494 2326 locutus
1534 2285 1607 2327 fui.

203 2350 263 2392 Et
304 2354 514 2406 praeterea
553 2351 748 2407 proprias
787 2351 920 2393 habet
971 2352 1249 2394 conditiones.
1345 2352 1456 2394 Cum
1507 2367 1608 2408 ergo

204 2418 358 2460 dicunt
398 2434 475 2475 pro
516 2419 685 2461 rat-ione
727 2419 795 2460 sui
829 2420 993 2470 erroris,
1032 2421 1147 2475 quod
1184 2421 1341 2476 quinta
1374 2421 1509 2463 editio
1545 2422 1608 2462 di-

202 2487 317 2528 citur
359 2487 562 2543 Vulgata,
596 2487 699 2542 quja
740 2487 832 2542 ejus
884 2492 1035 2529 auctor
1075 2489 1330 2544 ignoratm·;
1371 2504 1471 2545 ergo
1513 2490 1608 2545 pari

203 2555 371 2597 ratione
419 2559 605 2611 utraque
645 2556 820 2597 illarum
863 2556 1055 2612 Vulgata
1096 2557 1267 2609 dicitur,
1303 2558 1417 2612 quod
1449 2558 1607 2598 falsum

253 2779 260 2799 ¹
279 2778 512 2823 Didascalica]
538 2787 575 2814 ut
591 2792 698 2824 supra.
989 2781 1113 2824 ³711mc]
1141 2780 1264 2824 Hody3
1288 2791 1352 2814 om.
1370 2781 1442 2815 MS.

251 2834 263 2851 2
278 2832 429 2875 historia]
456 2834 538 2876 lege,
556 2835 735 2876 translatio,
754 2834 864 2877 Hody.

1341 2911 1430 2951 Y2

1605 451 1612 458 -
1637 434 1783 467 versions
1795 437 1835 468 of

1635 477 1690 509 the
1708 478 1802 524 Scrip
1810 501 1817 506 ⁴

1634 527 1731 554 tures.
