1964 3259
369 251 455 292 206
869 258 1038 291 ROGERI
1070 255 1265 290 BACONIS
1330 288 1333 291 ,
1660 250 1775 307 [CAP.

366 377 501 419 etiam
553 376 764 432 probatur
815 389 892 431 per
942 373 1245 430 Augustinum
1310 374 1362 416 de
1418 372 1614 417 Civitate
1679 375 1774 427 Dei,

366 446 479 488 libro
510 446 597 488 xvi.
631 444 823 501 capitulo
854 442 927 495 x.,¹
967 443 1043 499 qui
1081 442 1190 485 dicit
1220 457 1247 484 a
1279 442 1463 484 Diluvio
1507 458 1645 498 usque
1693 442 1777 485 adQ

365 515 590 557 Abraham
615 513 729 559 1072
762 511 907 555 anno3
929 511 1062 554 fuisse
1097 512 1422 568 promulgatam
1455 512 1706 564 editionem,
1730 512 1777 554 id

367 587 444 636 est,
469 583 762 640 Septuaginta
784 582 1095 638 Interpretum.
1160 580 1246 622 Sed
1270 580 1487 623 Eusebius
1508 596 1599 623 non
1631 582 1778 637 posuit

367 652 454 694 nisi
486 654 572 695 942
590 668 600 704 ;
640 654 684 694 et
715 651 795 693 hoc
827 653 894 692 est
924 650 1070 691 minus
1122 649 1170 690 in
1209 651 1306 699 130,
1340 652 1392 691 ut
1443 650 1590 706 patuit
1637 665 1777 706 supra.

371 721 551 763 Orosius
572 734 690 772 vero,
712 719 760 761 in
781 719 894 761 libro
917 719 971 761 de
995 716 1222 761 Orinesta4
1245 718 1417 770 Mundi,
1441 719 1632 761 scribens
1652 719 1783 761 beato

369 790 632 847 Augustino,
666 789 734 830 his
776 788 902 830 addit
943 802 1083 829 unum
1125 802 1303 838 annum,
1348 787 1495 829 dicens
1528 789 1646 843 quod
1687 787 1779 829 fue—

367 859 459 901 rint
490 859 546 900 ab
578 858 724 899 Adam
776 871 915 913 usque
967 857 1023 898 ad
1076 855 1376 898 Nativitatem
1415 856 1581 899 Christi
1636 858 1780 908 51993

369 928 444 984 qui
482 941 703 976 numerus,
741 926 846 968 licet
877 925 1082 968 videatur
1132 924 1346 967 inclusive
1380 924 1584 981 intelligi,
1629 928 1779 967 tamen

368 996 588 1038 exclusive
620 995 838 1046 scribitur,
870 994 918 1035 in
950 1008 1071 1036 cereo
1117 993 1322 1050 paschali.
1390 992 1642 1037 Secundum
1674 1008 1778 1036 vero

370 1065 638 1107 Hebraicani
668 1064 912 1113 veritatem,
947 1062 1060 1104 sicut
1094 1062 1215 1104 Beda
1247 1061 1399 1104 scribit
1431 1062 1479 1103 in
1510 1062 1622 1104 libro
1654 1062 1780 1104 Tem-

368 1149 533 1190 porum,
579 1133 758 1174 fuerunt
797 1132 913 1174 3952
958 1131 1074 1173 anni.
1138 1130 1265 1172 Siout
1308 1145 1412 1172 vero
1457 1131 1679 1188 colligitur
1726 1146 1779 1173 ex

368 1204 677 1245 modernorum
699 1200 992 1243 Hebraeorum
1023 1198 1363 1256 computatione,
1397 1200 1453 1241 ab
1475 1200 1621 1242 Adam
1642 1215 1780 1256 usque

369 1273 425 1314 ad
446 1275 619 1327 tenipus
641 1285 726 1326 quo
749 1284 829 1311 nos
851 1268 1056 1325 ponimus
1078 1268 1381 1310 Nativitatem
1400 1268 1581 1320 Christi,
1598 1269 1779 1311 fuerunt

372 1343 488 1386 3760
521 1340 639 1382 anni.
716 1338 935 1381 Similiter
966 1338 1013 1379 in
1045 1337 1248 1393 partibus
1279 1334 1443 1393 hujus⁵
1475 1338 1684 1393 temporis
1717 1341 1782 1380 est

370 1424 533 1466 magna
592 1407 895 1458 contrarietaS,
950 1409 995 1448 et
1049 1405 1274 1448 dubitatio
1326 1405 1478 1461 major.
1565 1405 1683 1448 Nam
1735 1407 1782 1447 in

370 1478 560 1520 secunda
592 1479 737 1527 aetate,
771 1475 1002 1517 undecimo
1036 1475 1229 1531 capitulo
1263 1474 1493 1527 Geneseos,
1516 1474 1704 1516 habetur
1735 1475 1782 1516 in

371 1547 594 1588 codicibus
628 1545 902 1596 Latinorum,
937 1544 1055 1600 quod
1097 1543 1217 1585 vixit
1249 1543 1505 1599 Arphaxad,
1547 1547 1782 1600 postquam

371 1614 527 1671 genuit
590 1614 703 1665 Sale,
767 1612 978 1654 trecentis
1040 1611 1182 1654 tribus
1244 1613 1371 1653 annis
1398 1628 1408 1664 3
1466 1615 1510 1654 et
1564 1613 1780 1655 Hebmeus

371 1683 506 1725 habet
537 1682 883 1738 quadringentos
914 1684 1003 1722 tres
1035 1695 1173 1722 annos
1200 1695 1208 1731 3
1240 1683 1285 1722 et
1318 1680 1507 1730 Graecus,
1542 1681 1781 1723 secundum

373 1751 668 1808 Septuaginta
701 1750 984 1806 Interpretes,
1020 1749 1139 1790 inter
1170 1748 1413 1805 Arphaxad
1445 1752 1490 1791 et
1514 1749 1614 1792 Sale
1646 1750 1781 1791 inter-

372 1820 500 1877 ponit
531 1822 711 1861 aetateni
757 1818 969 1861 Chamam
1013 1817 1059 1858 in
1106 1819 1191 1859 130
1225 1817 1380 1869 annis3
1413 1817 1467 1859 cle
1508 1832 1593 1873 quo
1642 1818 1781 1860 Lucas

372 1888 575 1931 meminit
618 1888 666 1929 in
709 1887 992 1943 generatione
1035 1885 1226 1927 Domini.
1304 1885 1521 1928 Similiter
1558 1886 1611 1928 de
1655 1888 1782 1928 annis

373 1957 576 1999 Abrahae.
680 1956 848 1997 Textus
901 1955 1017 1997 enim
1080 1953 1198 2004 dicit,
1252 1954 1538 2010 septuaginta
1590 1955 1783 2011 quinque

373 2041 587 2068 annorum
630 2027 724 2067 erat
766 2023 1003 2073 Abraham,
1048 2037 1148 2065 cum
1194 2023 1476 2079 egrederetur
1523 2023 1576 2065 de
1619 2024 1782 2066 Haran.

373 2095 461 2138 Sed
492 2109 590 2137 cum
622 2097 722 2150 post
752 2095 940 2134 mortem
971 2092 1111 2148 patris
1142 2091 1296 2142 exivit,
1321 2091 1396 2147 qui
1428 2092 1627 2134 ducentis
1657 2093 1783 2148 quin-

373 2180 456 2221 que
487 2164 613 2206 annis
635 2163 763 2213 vixit,
797 2166 842 2204 et
862 2161 1004 2203 Thare
1037 2161 1227 2202 existens
1259 2160 1540 2217 septuaginta
1570 2175 1783 2203 annorum

372 2233 600 2290 generavit
642 2231 881 2282 Abraham,
928 2232 1100 2272 constat
1139 2229 1254 2285 quia,
1302 2232 1476 2271 mortuo
1521 2232 1657 2285 patre,
1690 2232 1785 2271 erat

378 2305 460 2344 135
509 2316 753 2352 annorum;
810 2314 914 2341 nam
968 2301 1038 2340 tot
1086 2301 1327 2349 remanent,
1376 2298 1567 2353 demptis
1610 2301 1783 2354 septua-

372 2370 500 2425 ginta
552 2369 604 2410 (16
657 2370 754 2410 205.
837 2367 1114 2422 Augustinus
1165 2366 1327 2408 nititur
1378 2366 1459 2408 hoc
1509 2366 1686 2415 solvere,
1740 2370 1784 2408 et

377 2438 691 2492 Hieronymus,
744 2439 788 2477 et
840 2435 1053 2486 Hebraei;
1106 2435 1180 2476 sed
1230 2434 1381 2476 valida
1437 2437 1482 2475 et
1533 2434 1785 2476 insolubilia

374 2506 515 2548 adhuc
561 2505 676 2547 fiunt
723 2506 982 2560 argumenta
1030 2506 1182 2545 contra
1226 2501 1469 2558 quamlibet
1512 2502 1783 2545 solutionem.

422 2774 430 2791 ¹
455 2771 535 2803 libro
562 2796 569 2803 .
600 2796 607 2803 .
642 2795 649 2803 .
676 2795 682 2803 .
710 2795 716 2802 .
743 2770 794 2813 scu]
834 2769 929 2804 xviii.
947 2769 1042 2809 libro,
1158 2770 1169 2787 ³
1186 2768 1286 2811 anno]
1305 2768 1396 2808 anni,
1417 2769 1457 2801 Τ.

378 2824 520 2867 capitulo
543 2835 588 2864 x„
613 2823 652 2856 B.
1159 2822 1170 2839 ‘²
1191 2821 1357 2863 Ormesta]
1384 2831 1453 2862 cap.
1467 2821 1489 2853 i·

420 2880 433 2897 ²
456 2878 517 2920 ad]
544 2887 608 2910 om.
626 2876 666 2908 T.
1161 2875 1172 2892 ⁵
1195 2874 1308 2917 hujus]
1335 2884 1399 2907 om.
1416 2874 1456 2907 Τ.
