1964 3259
325 259 408 299 568
857 268 1095 301 APPENDIX
1127 271 1173 301 11.

328 384 351 403 ‘⁴
382 391 539 435 sectae3
571 398 661 425 non
693 385 795 440 quia
827 399 1072 440 quzeramus
1103 386 1319 427 rationem
1352 390 1455 427 ante
1486 387 1628 438 fidem,
1652 386 1726 427 sed

327 456 348 471 “
379 455 479 506 post
509 452 652 503 fidem,
685 456 736 493 ut
773 453 936 508 duplici
981 453 1312 496 confirmatione
1360 453 1586 495 certificati
1632 454 1727 494 lau-

328 524 348 540 “
381 519 533 561 demus
565 520 709 562 Deum
757 521 808 562 de
855 524 1006 562 nostra
1057 522 1207 572 salute,
1242 536 1374 577 quam
1421 522 1729 563 indubitanter

326 590 349 608 “
380 590 588 629 tenemus.
652 587 712 628 Et
742 602 818 644 per
848 588 959 631 hanc
980 589 1098 630 viam
1130 589 1450 631 mathematicae
1480 604 1567 630 non
1589 589 1727 630 solum

327 659 348 676 “
381 655 669 697 certificamur
702 656 756 697 de
787 656 1049 712 professione
1097 660 1257 708 nostra,
1292 657 1367 699 sed
1413 658 1729 713 praemunimur

381 726 533 765 contra
585 727 747 765 sectam
778 725 1084 777 Antiel1risti,'’
1137 728 1182 766 et
1219 728 1385 767 caetera.
1462 725 1549 777 Qui
1600 740 1728 781 porro

324 790 579 847 theologicis
611 792 658 832 in
690 792 929 848 disciplinis
972 793 1043 834 vel
1087 793 1361 835 mediocriter
1406 797 1606 835 versatus
1650 797 1726 843 est,

325 859 441 900 haud
474 859 649 914 quidem
686 860 873 916 ignorat,
922 861 1278 917 philosophorum
1311 862 1617 903 auctoritatem
1650 862 1727 902 ali-

325 927 430 981 quid
482 928 704 969 continere
756 929 958 983 ponderis
1010 928 1145 971 etiam
1192 930 1237 970 in
1284 929 1336 970 iis
1384 944 1480 985 quae
1523 930 1578 970 ad
1625 929 1728 971 fidei

325 994 532 1050 dogmata
577 996 828 1050 pertinent3
862 1011 963 1038 nam
996 1000 1047 1037 ut
1079 997 1395 1039 animadvertit
1426 998 1552 1048 Baco,
1586 998 1727 1039 multa

325 1076 380 1103 ex
432 1076 548 1117 penu
591 1063 902 1118 prophetarum
947 1067 1227 1119 sumpserunt
1271 1064 1525 1120 philosophi.
1591 1070 1613 1088 “
1635 1065 1728 1107 Nec

328 1135 349 1150 “
381 1130 541 1171 mirum
594 1131 630 1171 si
681 1130 815 1172 locuti
867 1131 956 1172 sint
1007 1131 1253 1187 philosophi
1299 1132 1351 1173 de
1395 1131 1472 1182 his,
1522 1133 1728 1187 quoniam

326 1201 349 1219 ‘⁶
379 1198 558 1239 fuerunt
596 1201 694 1254 post
741 1198 1010 1254 patriarchas
1058 1203 1101 1240 et
1148 1199 1393 1254 prophetas,
1438 1203 1483 1241 et
1526 1200 1729 1241 instructi

326 1271 347 1286 “
380 1280 456 1321 per
486 1266 598 1307 filios
630 1269 675 1308 et
706 1266 839 1308 libros
872 1281 1032 1316 eorum,
1066 1271 1116 1308 ut
1159 1267 1280 1322 prius
1345 1270 1568 1309 ostensum
1613 1271 1678 1309 est
1695 1268 1729 1319 ;¹'

323 1333 388 1375 ait
420 1334 535 1376 Baco
567 1349 662 1390 pag.
698 1336 795 1376 120.

385 1401 514 1443 Hanc
545 1405 596 1442 ut
640 1402 913 1444 concordiam
958 1403 1277 1444 demonstraret
1325 1402 1453 1454 Baco,
1487 1404 1604 1459 capit
1647 1403 1730 1444 ini-

324 1470 437 1510 tium
469 1484 524 1511 ex
556 1470 684 1512 sectis
716 1471 781 1521 iis,
815 1485 912 1526 quse
945 1470 1148 1512 omnibus
1192 1471 1326 1512 ferme
1357 1471 1525 1514 saeculis
1571 1472 1729 1514 extite-

324 1541 455 1590 runt3
487 1541 584 1580 tum
617 1553 713 1594 quae
746 1539 798 1581 de
831 1539 915 1579 illis
946 1539 1037 1580 sint
1084 1539 1217 1581 locuti
1264 1539 1522 1595 philosophi,
1556 1543 1731 1581 enarrat

324 1619 374 1646 eo
406 1606 592 1657 consilio,
626 1610 678 1647 ut
720 1606 817 1647 illos
866 1607 1150 1661 quantumvis
1195 1607 1393 1649 Gentiles
1436 1608 1640 1649 ostendat
1687 1612 1730 1650 et

326 1672 621 1715 Christianam
654 1674 978 1715 institutionem
1012 1675 1262 1730 cognovisse
1294 1675 1498 1725 futuram,
1534 1679 1578 1716 et
1599 1676 1729 1717 Anti-

324 1740 476 1782 christi
528 1745 688 1782 sectam
743 1742 1007 1797 praedixisse.
1074 1742 1127 1783 Id
1180 1757 1277 1783 611111
1325 1743 1440 1793 facit,
1486 1746 1631 1784 ratum
1684 1748 1728 1785 et

324 1809 499 1850 firmum
531 1809 789 1864 neutiquam
820 1809 966 1859 habet,
1001 1810 1116 1864 quod
1148 1810 1213 1850 illi
1254 1810 1434 1861 dicunt3
1467 1812 1540 1852 sed
1573 1812 1641 1852 vel
1673 1827 1728 1853 ex

325 1891 395 1918 ore
429 1876 673 1918 Gentilium
707 1876 970 1919 Christianae
1018 1877 1241 1934 religionis
1287 1879 1533 1919 extantiam
1580 1879 1728 1921 elicere

323 1944 510 1986 videtur.
578 1944 799 1996 “Quanto
846 1945 983 2001 igitur
1030 1945 1203 2000 planius
1250 1951 1295 1987 et
1338 1946 1510 2002 plenius
1554 1961 1728 2002 possum

325 2017 346 2033 “
380 2012 435 2053 ad
479 2026 679 2067 pnesens,
714 2013 904 2054 recitabo
937 2014 1178 2054 sententias
1220 2014 1636 2065 mathematicorum,
1681 2015 1727 2056 in

326 2086 346 2101 ‘⁶
380 2080 538 2134 quibus
590 2080 853 2122 concordant
904 2080 1137 2122 auctores.''
1222 2082 1340 2123 Hinc
1392 2096 1540 2124 omnes
1592 2087 1728 2125 sectas

323 2147 548 2204 percurrit,
583 2162 690 2203 quas
713 2147 908 2190 Gentiles
940 2148 1187 2204 philosophi
1210 2163 1265 2190 ex
1296 2149 1485 2205 planetis
1517 2154 1727 2206 tanquam

323 2216 459 2271 signis
492 2215 728 2257 deducunt.
793 2215 866 2257 Ad
913 2231 984 2257 eos
1016 2217 1138 2258 venit
1185 2217 1386 2272 deinceps
1433 2218 1507 2273 qui
1559 2218 1726 2260 Mercv-

322 2283 437 2323 rium
488 2286 650 2338 putant
695 2297 783 2325 esse
831 2284 1004 2339 signum
1054 2284 1315 2326 Christiana}
1368 2285 1602 2341 religionis.
1668 2286 1728 2328 Et

324 2365 378 2391 ne
422 2350 778 2406 philosophorum
823 2352 956 2393 verba
999 2352 1221 2393 recitando
1274 2352 1453 2408 longum
1506 2353 1724 2404 faciamus,

324 2417 486 2472 poterit
533 2417 713 2471 quisque
759 2418 907 2459 videre
950 2433 1044 2474 pag.
1088 2421 1183 2460 121.
1259 2419 1345 2460 Sed
1393 2424 1483 2461 esto
1529 2420 1726 2475 planetas

325 2487 483 2525 vocent
515 2484 639 2539 signa
671 2487 896 2535 secta-rum,
930 2500 979 2526 eo
1022 2500 1246 2540 nunquam
1290 2487 1641 2542 progrediuntur,
1675 2492 1726 2529 ut

324 2555 501 2593 actuum
533 2552 823 2593 humanorum
855 2553 980 2608 signa
1012 2567 1101 2594 esse
1145 2553 1302 2594 dicant.
1366 2554 1548 2596 Baconis
1591 2556 1726 2597 verba

325 2621 476 2661 audire
536 2620 675 2676 juva-t,
739 2635 835 2677 pag.
886 2624 994 2663 125:
1069 2627 1091 2644 ⁴⁶
1115 2622 1332 2664 Praeterca
1394 2624 1557 2674 dicunt,
1611 2626 1726 2680 quod

326 2693 348 2709 ‘⁴
382 2688 587 2729 voluntas
619 2703 708 2730 non
739 2690 918 2745 cogitur,
952 2691 1026 2731 scd
1058 2694 1204 2732 tamen
1237 2706 1390 2747 corpus
1421 2693 1633 2734 alteratur
1654 2708 1729 2750 per

330 2760 350 2777 ‘⁶
383 2756 574 2797 virtutos
606 2757 825 2809 coelorum,
859 2762 903 2799 et
934 2760 1039 2799 tunc
1070 2758 1216 2800 anima
1247 2760 1414 2814 corpori
1456 2760 1583 2802 unita
1614 2763 1726 2802 exci—

330 2830 350 2843 “
382 2827 506 2866 tatur
537 2824 710 2867 fortiter
742 2829 785 2866 ct
831 2825 1056 2867 inducitur
1103 2826 1340 2877 efficaciter,
1374 2827 1474 2870 lice-t
1517 2829 1563 2869 in
1607 2830 1726 2872 nullo

328 727 350 743 C(
