1964 3259
738 270 974 301 APPENDIX
1008 270 1053 300 11.
1506 261 1590 301 559

196 387 271 443 (1111
306 387 361 429 ab
407 387 492 429 illis
544 401 643 429 cum
684 386 920 428 necessario
965 389 1062 427 tum
1107 386 1317 440 perpetuo
1375 387 1593 425 emanant.

194 455 394 510 Itemque
435 456 572 497 altera
619 453 866 510 astrologiae
898 467 1007 509 pars,
1053 467 1184 508 quam
1226 451 1393 508 placuit
1431 452 1594 493 Baconi

190 523 416 565 nominare
458 523 702 578 practicam,
740 522 787 562 in
831 522 910 563 hoc
951 524 1018 563 est
1050 524 1156 571 tota,
1196 524 1247 562 ut
1289 519 1467 561 effectus
1498 519 1594 560 illos

192 591 520 647 contempletur,
553 591 640 646 qui,
672 593 723 632 ut
754 604 926 646 perraro
961 589 1182 638 deficiunt,
1215 588 1327 630 sicut
1359 587 1595 644 plurimum

193 660 502 714 praedicuntur.
590 659 662 702 Ad
715 673 765 700 ea
818 658 935 699 enim
985 657 1210 699 descendit
1267 671 1365 712 quae
1402 657 1448 697 in
1497 659 1596 697 ae‘re

193 727 318 776 fiunt,
379 727 741 782 quemadmodum
794 726 870 766 iris
933 728 977 767 et
1023 727 1216 776 cometae,
1269 739 1377 779 quos
1435 723 1595 765 nedum

193 809 401 850 perennes
444 798 653 850 cognorat
699 793 822 834 Baco.
903 791 1088 834 Secutus
1130 805 1232 847 ergo
1276 791 1362 832 fuit
1405 805 1500 832 eam
1530 805 1595 831 as-

193 861 392 918 trologiae
435 865 616 917 partem,
654 875 785 916 quam
838 859 1087 901 naturalem
1130 858 1367 915 appellant,
1410 861 1456 900 et
1487 873 1594 914 quae,

194 932 246 970 ut
276 932 425 970 monet
457 929 668 984 Aquinas,
712 927 1000 969 divinationis
1042 941 1200 969 nomen
1230 927 1310 968 vix
1341 929 1543 968 meretur.

254 997 353 1037 Erit
405 996 587 1038 fortasse
641 995 720 1051 qui
768 996 985 1036 Baconem
1037 995 1392 1036 condemnaverit
1437 995 1483 1035 in
1534 1008 1595 1045 eo,

194 1064 310 1119 quod
353 1063 489 1105 citato
531 1062 626 1118 jam
668 1063 760 1104 loco
802 1062 995 1114 dixerit3
1039 1062 1237 1104 futurum
1288 1062 1496 1103 nimirum
1551 1065 1598 1103 ut

194 1146 270 1187 per
300 1147 361 1182 ea,
398 1146 496 1187 quae
540 1131 655 1172 fiunt
686 1131 731 1171 in
765 1130 893 1177 coelis,
927 1130 1116 1172 hominis
1153 1130 1498 1186 complexionem
1533 1129 1598 1170 in-

195 1200 559 1255 clinationemque
589 1213 904 1255 cognoscamus.
971 1198 1027 1239 In
1059 1212 1144 1253 quo
1174 1198 1209 1239 si
1242 1197 1439 1254 peccavit
1471 1197 1597 1248 Baco,

197 1282 321 1309 eccur
352 1283 377 1309 a
415 1267 541 1323 culpa
572 1267 782 1308 immunis
824 1266 910 1308 erit
942 1266 1172 1321 Aquinas?
1233 1266 1289 1307 In
1331 1280 1461 1321 quam
1504 1280 1599 1307 sen-

196 1336 385 1377 tentiam
416 1335 604 1377 libenter
636 1334 860 1377 descendit
890 1334 1014 1385 Baco,
1049 1348 1097 1375 eo
1130 1335 1246 1389 quod
1278 1334 1349 1375 vel
1380 1334 1471 1389 ipse
1503 1347 1601 1375 cum

196 1404 285 1444 suis
336 1402 533 1452 credidit,
598 1402 791 1444 coelestia
842 1402 889 1443 in
937 1401 1029 1444 haec
1082 1402 1287 1443 inferiora
1348 1401 1500 1453 illabi3
1553 1415 1601 1442 ac

197 1471 382 1513 subinde
424 1471 471 1512 in
502 1470 661 1512 animae
697 1470 813 1512 vires
847 1470 1042 1521 influere,
1082 1484 1179 1525 quae
1211 1484 1309 1511 cum
1350 1468 1600 1525 corporibus

197 1538 471 1580 strictissimo
512 1538 628 1579 nodo
669 1537 912 1594 conjunctae
942 1541 1058 1579 sunt.
1143 1538 1213 1578 Ex
1245 1551 1331 1592 quo
1363 1537 1426 1587 fit,
1460 1540 1511 1578 ut
1542 1536 1599 1577 ad

196 1607 413 1648 influxum
454 1606 674 1648 coelestem
716 1606 787 1647 vel
828 1605 933 1660 ipsae
970 1605 1191 1661 passiones
1238 1608 1508 1654 moveantur,
1552 1606 1596 1645 et

195 1688 285 1716 non
318 1674 459 1716 levem
499 1673 805 1716 alterationem
836 1673 1075 1729 patiantur.
1140 1672 1227 1714 Sed
1251 1672 1297 1714 id
1333 1686 1431 1714 cum
1474 1671 1599 1713 docet

197 1742 322 1793 Baco,
358 1757 449 1784 non
472 1741 538 1783 ita
569 1745 636 1784 est
669 1742 954 1797 accipiendus,
989 1741 1113 1796 quasi
1146 1741 1334 1782 liberum
1364 1739 1598 1781 arbitrium

196 1810 366 1851 evertit.
429 1809 653 1864 Siquidem
674 1812 718 1850 et
738 1809 829 1864 ipse
860 1808 1060 1858 affirmat,
1084 1808 1180 1849 fieri
1211 1807 1433 1849 commode
1463 1821 1598 1862 posse,

196 1881 247 1919 ut
273 1877 492 1933 sapientes
524 1876 809 1932 quantumvis
842 1875 996 1926 allecti,
1030 1875 1280 1931 passionum
1313 1875 1505 1916 motibus
1538 1889 1601 1916 re-

197 1945 370 1987 sistant.
434 1944 508 1986 Ad
549 1958 641 1986 rem
672 1944 785 1985 nihil
826 1943 972 1999 aptius
1007 1942 1160 1986 afferre
1201 1957 1427 1999 possumus
1469 1956 1598 1998 quam

198 2013 314 2069 quod
354 2011 588 2054 tradiderit
630 2011 733 2054 dist.
769 2012 807 2061 4,
842 2025 935 2067 cap.
969 2012 1007 2061 4,
1036 2025 1139 2066 pay.
1177 2012 1262 2053 63:
1305 2015 1327 2032 “
1349 2010 1461 2052 Cum
1492 2024 1600 2065 puer

200 2087 222 2104 “
255 2082 302 2122 in
333 2081 571 2122 nativitate
615 2080 849 2135 exponitur
891 2078 981 2120 aeri
1025 2094 1151 2129 novo,
1206 2082 1419 2134 tanquam
1472 2078 1598 2119 alteri

201 2154 223 2171 “
254 2148 430 2199 mundo,
475 2151 582 2190 tunc
637 2147 791 2203 recipit
842 2160 971 2188 conos
1021 2146 1298 2202 pyramidum
1357 2145 1599 2188 coelestium

200 2221 223 2239 “
255 2216 491 2258 secundum
536 2215 730 2271 singulas
760 2217 916 2270 partes,
951 2217 995 2256 et
1049 2215 1109 2256 sic
1154 2214 1310 2270 recipit
1354 2213 1598 2270 impressio-

199 2289 223 2308 “
254 2299 331 2326 nes
373 2298 522 2334 novas,
557 2297 665 2338 quas
696 2296 922 2338 nunquam
955 2282 1154 2332 dimittit,
1189 2282 1293 2338 quia
1336 2281 1452 2337 quod
1483 2295 1600 2322 nova

199 2357 223 2376 “
254 2356 370 2394 testa
401 2352 530 2407 capit,
562 2351 810 2392 inveterata
841 2350 992 2406 sapiat.
1072 2350 1131 2391 Et
1170 2352 1277 2391 tunc
1317 2349 1600 2391 confirmatur

200 2426 223 2442 “
255 2419 497 2476 complexio
574 2418 787 2468 radicalis,
859 2432 955 2474 quae
1017 2431 1187 2474 semper
1253 2420 1403 2458 manet
1463 2431 1599 2471 usque

200 2488 310 2529 “ad
359 2487 492 2529 finem
541 2486 657 2537 vitae,
711 2486 814 2528 licet
875 2486 1115 2542 complexio
1177 2499 1352 2527 currens
1403 2488 1600 2526 mutetur

199 2561 222 2578 “
253 2558 349 2597 tota
379 2554 458 2596 die.
545 2554 604 2596 Et
636 2554 693 2596 ad
733 2554 844 2596 hanc
887 2554 1120 2595 radicalem
1161 2552 1504 2608 complexionem
1535 2565 1599 2593 se-

200 2628 222 2644 “
255 2625 451 2678 quuntur
496 2621 802 2663 inclinationes
854 2621 911 2661 ad
951 2634 1101 2671 mores,
1137 2623 1181 2661 et
1212 2620 1268 2661 ad
1298 2619 1510 2670 scientiaS,
1554 2621 1600 2660 et

202 2695 225 2712 “
256 2689 312 2730 ad
342 2689 516 2743 linguas
545 2720 556 2731 .
586 2722 597 2731 .
631 2722 639 2729 .
670 2720 680 2731 .
743 2687 805 2728 Et
839 2688 875 2729 si
908 2687 1006 2729 coeli
1049 2687 1275 2743 dispositio
1317 2687 1376 2728 sit
1406 2687 1523 2728 mala
1551 2686 1599 2728 in

201 2761 226 2781 “
258 2756 540 2812 conceptione
571 2758 615 2797 et
659 2755 897 2797 nativitate
933 2755 1068 2811 pueri,
1112 2758 1218 2797 tunc
1263 2755 1359 2797 com'
1403 2755 1598 2810 pyrami-

202 2830 223 2847 “
257 2824 362 2867 dum
393 2823 562 2866 laedunt
603 2822 957 2880 complexionem,
1012 2826 1057 2865 et
1097 2837 1175 2880 per
1214 2837 1477 2880 consequens
1533 2822 1598 2864 in-
