1964 3259
192 266 307 321 xvi]
723 274 838 305 opus
869 272 1070 304 TERTIUM
1531 261 1586 306 57

193 387 309 429 dicta
352 384 623 444 exigeretur¹
675 399 983 442 pergamenum
1016 384 1248 436 infinitum,
1281 388 1326 426 et
1364 384 1589 439 scriptores

195 455 336 507 multi,
386 460 436 497 ut
480 455 619 497 multa
665 455 820 495 fierent
867 452 1143 507 exemplaria,
1175 455 1409 507 antequam
1454 466 1590 492 unum

194 523 426 565 haberetur
472 523 733 565 ultimatum.
796 520 839 560 N
844 533 914 560 am
957 519 1005 560 in
1052 519 1180 561 curiis
1226 519 1505 575 praelatorum
1548 523 1592 560 et

195 591 439 647 principum
481 605 568 631 una
609 589 757 630 littera
798 587 923 643 parvi
954 587 1112 628 valoris
1153 587 1312 628 transit
1341 601 1418 642 per
1448 587 1592 642 plures

196 673 350 700 manus
394 660 627 712 antequam
671 655 836 697 bullam
882 654 1062 710 recipiat
1093 658 1170 696 aut
1201 655 1421 711 sigillum3
1454 655 1592 695 multo

198 727 332 782 igitur
364 725 502 780 magis
534 724 579 765 in
611 723 832 779 proposito
867 726 911 764 et
943 723 1035 764 sine
1068 723 1389 779 comparatione
1422 725 1593 778 oportet

197 808 350 834 manus
381 790 695 847 multiplicari,2
728 795 772 832 et
803 791 1037 847 scripturas
1069 791 1213 832 varias
1244 790 1449 840 consumi,
1473 793 1593 831 ante-

197 876 327 917 quam
378 859 591 901 habeatur
637 858 858 915 exemplar
909 873 1044 900 unum
1090 859 1292 901 limatum
1344 862 1389 900 et
1439 858 1597 900 ultima

197 928 519 971 examinatione
540 926 783 982 probatum.
836 926 954 967 Nam
979 930 1191 968 tractatus
1222 926 1436 969 sufficiens
1467 927 1597 968 debet
1616 937 1724 969 Seven
1741 948 1818 969 con-

198 997 357 1038 habere
389 999 554 1051 septem
597 994 867 1037 conditiones
885 1010 895 1046 3
937 994 1108 1045 scilicet,
1145 995 1272 1047 Quod
1318 994 1463 1036 omnia
1510 994 1598 1035 sint
1614 982 1803 1068 (ἐίξίἰξέἒῖξῐῖ

197 1079 301 1106 vera
332 1078 430 1119 quae
463 1063 720 1105 scribuntur.
1616 1072 1656 1102 its
1673 1071 1768 1102 satis-

259 1131 387 1184 Quod
431 1132 520 1173 sint
563 1131 710 1183 electa,
743 1131 845 1186 quia
888 1131 980 1173 haec
1019 1131 1160 1173 adhuc
1198 1135 1301 1173 sunt
1345 1131 1469 1186 quasi
1500 1130 1597 1171 infi-
1615 1115 1775 1200 {quitssrri'n-

198 1201 303 1252 nita,
338 1203 382 1241 et
414 1199 642 1241 sufficiunt.
1617 1215 1707 1236 auce.

258 1268 437 1318 Iterum,
472 1268 611 1317 tertio,
647 1267 762 1322 quod
794 1267 969 1323 propria
1000 1266 1056 1308 ad
1097 1267 1339 1322 quamlibet
1370 1267 1597 1308 materiam

199 1336 253 1377 de
299 1351 385 1391 qua
427 1339 491 1377 est
537 1349 687 1387 sermo,
720 1349 808 1376 non
855 1336 970 1390 quod
1016 1335 1340 1377 confundantur
1381 1335 1598 1376 naturalia

201 1419 299 1446 cum
330 1403 637 1459 metaphysicis
664 1419 673 1454 ;
705 1406 749 1444 et
781 1403 839 1444 sic
871 1403 923 1444 de
955 1403 1061 1443 aliis.

264 1472 443 1521 Iterum,
493 1474 659 1525 quarto,
703 1470 818 1525 quod
866 1471 954 1511 sint
995 1471 1146 1512 brevia
1188 1473 1407 1514 moderate
1429 1470 1467 1524 33
1499 1473 1601 1526 quia

202 1539 476 1595 superfluitas
513 1537 697 1594 impedit
730 1538 917 1579 multum
960 1539 1015 1580 ad
1063 1539 1353 1595 cognitionem
1402 1543 1601 1585 veritatis

202 1611 246 1649 et
277 1607 419 1648 reddit
451 1620 557 1662 opus
589 1605 891 1647 abominabile.

264 1674 442 1725 Iterum,
485 1674 649 1729 quinto,
684 1673 799 1728 quod
832 1673 920 1714 sint
961 1673 1101 1729 plana.
1164 1673 1252 1716 Sed
1282 1677 1362 1719 hoc
1393 1682 1459 1720 est
1490 1678 1601 1720 diffi-

202 1743 280 1784 cile
298 1759 307 1793 3
340 1742 442 1796 quia
485 1742 676 1782 maxima
719 1741 887 1783 cautela
933 1745 999 1783 est
1044 1746 1095 1783 ut
1142 1742 1345 1798 planities
1392 1747 1604 1789 habeatur

203 1825 301 1852 cum
332 1809 559 1851 brevitate.

264 1877 442 1927 Iterum,
482 1880 618 1928 sexto,
659 1876 775 1931 quod
808 1876 898 1918 sint
930 1877 1166 1919 certificata
1198 1879 1288 1921 sine
1327 1882 1445 1922 omni
1478 1882 1604 1924 dubi-

204 1945 380 1987 tatione.

265 2012 445 2061 Iterum,
487 2010 682 2065 septime,
717 2011 834 2065 quod
865 2010 954 2052 sint
985 2011 1173 2066 perfecta
1204 2016 1439 2058 secundum
1472 2018 1603 2073 possi-

206 2079 423 2121 bilitatem
455 2077 654 2119 hominis.

266 2147 325 2188 Et
375 2147 444 2188 hae
495 2149 659 2201 septem
703 2145 970 2187 conditiones
1014 2161 1101 2188 non
1153 2154 1335 2204 possunt
1381 2151 1474 2193 fieri
1521 2153 1604 2195 nisi

207 2214 347 2256 multa
377 2214 488 2255 fiant
518 2213 794 2269 exemplaria,
833 2217 877 2255 et
910 2214 1143 2257 destructio
1175 2219 1424 2273 pergameni
1455 2220 1603 2261 ineffa-

205 2283 314 2324 bilis.
380 2282 557 2332 Iterum,
596 2297 693 2323 cuni
726 2281 871 2323 omnia
902 2282 1180 2325 verificantur
1222 2289 1266 2327 et
1311 2287 1606 2330 certificantur

206 2366 283 2407 per
327 2351 488 2406 figuras
535 2353 580 2391 et
625 2363 839 2401 numerOS,
888 2353 939 2391 ut
980 2354 1103 2406 patet
1155 2367 1209 2394 ex
1261 2355 1461 2410 operibus
1509 2372 1605 2412 quae

207 2419 348 2470 mitto,
397 2421 568 2474 oportet
614 2418 731 2472 quod
778 2417 907 2459 multi
950 2418 1039 2460 sint
1080 2419 1345 2464 collaterales
1392 2427 1436 2464 et
1482 2425 1603 2480 adju-

208 2491 334 2538 tores,
381 2489 426 2528 et
466 2486 656 2528 maxime
690 2486 878 2541 juvenes
915 2487 990 2542 qui
1032 2487 1221 2543 figurent
1262 2494 1306 2532 et
1349 2497 1605 2546 numerentg

207 2569 308 2596 nam
350 2554 537 2596 seniores
577 2554 710 2596 taedio
751 2553 1026 2596 afficerentur
1057 2556 1239 2598 talibus4
1270 2559 1469 2614 operibus
1503 2576 1605 2617 pue-

256 2802 261 2819 ¹
282 2802 472 2843 exfiqcretur]
500 2801 654 2843 exigitur,
679 2802 718 2833 T.
989 2805 1000 2821 ³
1017 2803 1188 2847 moderate]
1216 2808 1392 2845 moderata,
1417 2810 1455 2842 B.

254 2855 266 2872 '-’
282 2852 504 2896 multiplicari]
531 2854 781 2896 multiplicitarI,
805 2854 844 2887 B.
992 2855 1149 2899 malibus]
1177 2856 1355 2898 uitalibus,
1381 2861 1420 2893 T.
