1964 3259
362 269 447 310 422
870 279 1042 311 ROGERr
1075 279 1270 312 BAcoms
1648 271 1764 327 [cAr.

134 396 341 472 ἓᾷῑέΐᾭῗθᾱ
362 397 650 454 planetarum,
698 398 936 440 secundum
979 399 1097 454 quod
1143 398 1336 441 coelestia
1382 398 1598 440 inclinant
1640 399 1772 441 corda

133 486 177 526 by
195 485 295 516 infiu-
359 466 553 508 humana
583 466 640 508 ad
682 467 864 518 diversa,
899 467 1138 509 secundum
1172 466 1474 510 diversitatem
1512 467 1773 523 complexio-

135 530 270 607 {ffiia‘t'g
360 550 468 577 num
499 535 754 588 hominun1;
786 550 884 591 quae
916 535 1237 592 complexiones
1268 550 1345 592 per
1376 536 1570 578 coelestia
1600 536 1773 578 varian-

271 599 279 608 ’
361 606 444 646 tur.
507 604 626 646 Nam
657 604 845 646 liberum
882 604 1115 647 arbitrium
1159 620 1248 647 non
1291 607 1436 661 potest
1483 603 1591 660 cogi,
1625 607 1776 647 tamen

363 672 582 714 excitatur
626 672 798 715 fortiter
840 687 917 729 per
963 673 1307 729 complexionem
1349 673 1539 729 corporis
1577 676 1622 715 et
1665 673 1773 715 coeli.

365 741 551 797 Propter
601 741 719 796 quod
759 741 973 794 videmus,
1007 742 1124 797 quod
1164 742 1415 784 habitantes
1458 742 1540 784 sub
1592 741 1775 784 diversis

363 809 467 852 locis
514 809 623 862 coeli,
671 825 747 866 per
797 810 1052 853 universum
1094 811 1321 862 mundum,
1370 811 1535 853 habent
1582 810 1776 853 diversos

294 930 299 935 .
363 893 515 930 mores,
550 881 594 921 et
625 879 973 932 consuetudines,
1009 883 1053 921 et
1084 880 1288 936 negotia3
1330 882 1382 921 ut
1414 879 1547 930 Scoti,
1582 878 1774 935 AnglicL

363 947 530 1000 Gallici,
560 947 760 1003 Hispani,
789 947 988 1000 Romani,
1018 948 1169 999 Graeoi,
1198 948 1420 1004 Ethiopes,
1450 948 1630 999 Arabes,
1664 948 1777 990 sicut

362 1016 652 1072 conspicimus
694 1016 781 1057 fide
823 1016 1009 1067 oculata,
1049 1020 1093 1058 et
1124 1031 1203 1059 nos
1235 1032 1311 1073 per
1359 1016 1676 1073 experientiam
1727 1015 1774 1057 in

360 1084 487 1126 nobis
519 1088 564 1125 et
595 1083 692 1125 aliis
724 1084 937 1136 videmus,
970 1085 1087 1139 quod
1123 1099 1271 1127 omnes
1302 1085 1500 1127 homines
1532 1087 1777 1140 sequuntur

359 1153 549 1195 libenter
588 1152 896 1194 inclinationes
938 1168 1116 1194 suarum
1169 1153 1532 1209 complexionum,
1585 1153 1677 1194 sive
1728 1153 1776 1194 in

359 1221 482 1263 vitiis
514 1221 605 1263 sive
627 1221 675 1262 in
705 1221 950 1263 virtutibus
974 1237 984 1274 3
1016 1222 1082 1264 ita
1108 1222 1224 1277 quod
1246 1222 1548 1278 perfectissimi
1578 1221 1776 1263 homines

358 1304 448 1332 non
489 1293 671 1346 possunt
701 1290 844 1331 vitare
885 1290 1049 1346 primos
1090 1293 1246 1332 motus.
1331 1290 1399 1332 Ut
1440 1290 1679 1332 cholericus
1710 1292 1777 1331 est

358 1358 593 1400 iracundus
625 1361 670 1400 et
702 1358 849 1401 audax
865 1374 876 1411 3
928 1359 1265 1401 melancholicus
1306 1358 1489 1401 timidus
1521 1362 1565 1400 et
1606 1358 1777 1410 tristis3

361 1427 627 1483 sanguineus
653 1430 720 1469 est
745 1426 997 1470 luxuriosus
1029 1431 1073 1470 et
1104 1427 1329 1484 gaudens3
1361 1426 1679 1484 phlegmaticus
1711 1430 1777 1469 est

361 1495 484 1537 rudis
516 1499 561 1537 et
603 1495 726 1552 piger
758 1496 815 1537 ad
856 1496 1031 1548 omnia3
1074 1499 1119 1538 et
1151 1496 1211 1538 sic
1248 1497 1301 1538 de
1333 1496 1431 1538 aliis
1463 1495 1777 1552 complexioni-

361 1564 443 1606 bus
475 1563 825 1620 particularibus.
889 1564 1106 1606 Voluntas
1147 1565 1286 1621 igitur
1316 1564 1545 1606 inducitur
1575 1579 1652 1621 per
1682 1564 1776 1606 haec

360 1632 464 1675 licet
495 1646 585 1675 non
617 1636 809 1689 cogatur.
874 1632 961 1675 Sed
993 1648 1019 1674 a
1061 1633 1169 1675 coelo
1201 1636 1268 1675 est
1299 1633 1420 1689 origo
1462 1632 1775 1688 complexionis

363 1700 567 1743 radicalis
598 1715 675 1756 per
707 1700 1088 1743 constellationem
1129 1701 1177 1742 in
1209 1701 1489 1758 conceptione
1532 1704 1577 1743 et
1607 1700 1773 1742 nativi-

362 1772 466 1812 tate.
530 1768 591 1810 Et
628 1769 829 1811 similiter
874 1770 1115 1826 complexio
1158 1784 1335 1812 currens
1377 1773 1581 1812 causatur
1622 1784 1648 1811 a
1678 1768 1776 1811 coeli

362 1837 608 1889 varietate3
661 1837 902 1879 secundum
949 1838 1066 1894 quod
1108 1838 1271 1881 diversi
1318 1839 1509 1894 planetae
1554 1841 1598 1880 et
1640 1837 1776 1880 stellae

362 1907 465 1949 fixae
512 1906 648 1949 variis
692 1906 810 1948 horis
863 1920 993 1963 super
1044 1911 1196 1950 nostra
1247 1921 1427 1964 corpora
1474 1906 1773 1949 dominantur.

138 1983 234 2034 More
250 1988 322 2016 true
363 1975 503 2018 Docet
563 1975 701 2032 igitur
763 1975 1026 2017 Aristoteles
1099 1976 1317 2031 quomodo
1390 1975 1594 2017 oriuntur
1660 1975 1776 2031 leges

137 2029 339 2105 {gullprsiqphy
363 2045 545 2087 diversae
589 2044 638 2086 in
669 2043 845 2095 mundo,
881 2048 926 2086 et
958 2059 1056 2101 quae
1101 2048 1205 2087 sunt
1237 2044 1364 2087 malfe
1409 2048 1454 2086 et
1490 2047 1775 2100 corrumpunt

138 2118 245 2168 totle’s
262 2124 345 2151 trea-
364 2113 567 2156 civitates
599 2117 644 2156 et
680 2127 829 2169 regna,
863 2117 907 2155 et
939 2114 1128 2169 qualiter
1157 2113 1293 2156 vitari
1325 2113 1487 2155 debent
1519 2116 1563 2155 et
1595 2112 1774 2162 destrui,

137 2167 201 2194 Περ
221 2163 271 2194 De
364 2186 417 2225 ut
467 2182 649 2225 tandem
701 2185 925 2224 statuatur
986 2197 1076 2224 una
1127 2182 1200 2224 lex
1251 2182 1454 2238 perfecta,
1505 2181 1641 2237 juxta
1681 2180 1776 2222 vias

141 2207 290 2239 Levibus

136 2232 336 2285 thaiiint’he
366 2250 668 2307 philosophiae,
694 2264 792 2306 quae
825 2251 966 2293 salvet
997 2251 1045 2305 in
1075 2266 1181 2307 pace
1214 2254 1258 2293 et
1284 2250 1463 2306 justitia
1494 2250 1699 2291 civitates
1730 2253 1777 2291 et

137 2298 245 2374 {2¹¹3}ss
256 2299 347 2375 ἓξὲξ
364 2319 574 2375 regiones.
672 2319 732 2360 Et
784 2319 911 2362 docet
963 2334 1060 2376 quae
1112 2323 1215 2361 sunt
1266 2319 1434 2361 nobiles
1485 2318 1776 2374 proprietates

136 2387 212 2420 law.
362 2387 491 2430 istius
522 2387 639 2443 legis
676 2390 721 2429 et
764 2387 981 2443 quomodo
1014 2387 1144 2429 debet
1176 2387 1386 2429 custodiri
1430 2386 1602 2427 illibata
1633 2389 1678 2427 et
1709 2386 1775 2426 in-

363 2459 581 2512 corrupta,
646 2458 691 2497 et
752 2456 970 2510 quomodo
1032 2458 1306 2512 corruptores
1358 2454 1450 2509 ejus
1502 2453 1774 2495 strictissime

364 2528 604 2568 arceantur.
669 2523 800 2566 Certe
843 2524 1009 2579 majora
1040 2527 1144 2565 sunt
1185 2523 1256 2566 hic
1296 2523 1341 2564 in
1385 2522 1532 2578 paucis
1574 2522 1776 2578 capitulis

365 2608 499 2650 quam
543 2593 591 2635 in
634 2595 729 2634 toto
774 2606 950 2649 corpore
988 2591 1102 2648 juris
1135 2591 1292 2634 Italici.
1356 2591 1474 2632 Nam
1510 2590 1774 2632 Aristoteles

363 2667 408 2705 et
451 2662 519 2705 sui
556 2664 786 2717 sequentes
819 2661 976 2704 docent
1019 2661 1135 2717 quod
1165 2660 1258 2704 liaec
1292 2660 1376 2711 lex,
1411 2659 1505 2701 Deo
1536 2659 1772 2710 revelante,

362 2731 516 2774 haberi
548 2731 689 2782 debet,
724 2733 768 2772 et
807 2730 903 2786 quis
946 2730 1028 2773 erit
1059 2729 1293 2786 legislator,
1337 2732 1381 2771 et
1417 2729 1633 2784 quomodo
1675 2743 1772 2784 pro-

362 2800 493 2842 betur
525 2800 642 2855 quod
679 2799 820 2856 legem
857 2814 883 2840 a
925 2799 1019 2841 Deo
1051 2799 1224 2855 recepit,
1257 2800 1309 2840 ut
1351 2797 1532 2839 tandem
1573 2797 1775 2839 credatur

363 2868 403 2910 ei
447 2868 655 2922 omnin03
688 2871 732 2911 et
777 2867 966 2924 qualiter
1009 2867 1100 2924 ipse
1143 2867 1277 2910 habet
1313 2866 1452 2924 legem
1483 2865 1770 2923 promulgare,
