1964 3259
127 420 325 453 Alexander

126 467 168 499 ab
184 465 297 497 Hales.

352 293 438 333 326
860 300 1030 331 nocnffl
1062 299 1256 330 BACOMS

352 415 492 457 travit
538 414 736 456 ordinem
770 415 976 456 Fratrum
1017 414 1240 456 Minorum
1286 413 1371 455 fuit
1408 413 1502 454 Deo
1545 414 1764 455 maximus

354 484 503 526 Minor
533 499 623 526 non
655 483 795 525 solum
833 486 1012 540 propter
1050 498 1150 525 suas
1195 481 1466 525 conditiones
1509 481 1762 533 laudabiles,

352 554 426 595 sed
477 555 655 609 propter
716 552 808 593 hoc.
903 552 1058 593 Novus
1121 551 1206 593 fuit
1268 551 1373 592 ordo
1437 550 1659 592 Minorum
1721 554 1766 592 et

352 622 577 678 neglectus
622 636 648 661 a
678 621 845 661 mundo
889 620 976 662 illis
1018 620 1302 677 temporibus,
1336 622 1381 661 et
1422 619 1496 661 ille
1528 619 1767 662 aedificavit

352 690 569 732 mundum
600 692 645 731 et
679 689 876 731 ordinem
905 689 1131 732 exaltavit.
1187 690 1258 730 Ex
1279 702 1357 731 suo
1379 689 1575 745 ingressu
1610 688 1767 730 fratres

354 762 399 800 et
432 758 508 800 alii
541 758 852 800 exaltaverunt
884 758 930 799 in
963 758 1134 809 coelum,
1170 761 1215 799 et
1254 758 1293 799 ei
1332 757 1548 799 dederunt
1579 757 1768 799 auctori·

353 830 492 870 tatem
554 827 696 869 totius
761 827 909 878 studii,
981 830 1026 869 et
1087 827 1410 883 adscripserunt
1472 826 1511 868 ei
1561 841 1767 883 magnam

355 897 583 938 Summam
616 895 746 945 illam,
782 910 880 951 quae
926 898 992 937 est
1023 896 1256 951 plusquam
1287 895 1458 951 pondus
1489 895 1619 937 unius
1652 894 1766 950 equi,

298 976 307 982 '²
354 979 486 1020 quam
538 965 630 1020 ipse
683 978 774 1005 non
824 964 928 1005 fecit
981 965 1055 1005 sed
1108 964 1193 1005 alii.
1273 963 1332 1005 Et
1385 966 1537 1005 tamen
1589 966 1768 1019 propter

352 1033 644 1075 reverentiam
689 1032 879 1088 ascripta
922 1032 1021 1084 fuit,
1067 1035 1111 1074 et
1158 1035 1342 1074 vocatur
1384 1032 1566 1075 Summa
1617 1032 1767 1074 fratris

354 1101 609 1143 Alexandri.
665 1100 727 1142 Et
759 1101 795 1141 si
817 1100 909 1156 ipse
943 1115 1039 1141 eam
1070 1099 1239 1142 fecisset
1261 1101 1332 1141 vel
1352 1115 1556 1156 magnam
1584 1104 1766 1156 partem,

353 1173 503 1211 tamen
532 1183 622 1210 non
653 1168 762 1224 legit
791 1168 1016 1210 naturalia
1044 1183 1122 1210 nec
1151 1169 1454 1224 metaphysica
1486 1183 1566 1211 nec
1597 1169 1769 1210 audivit

354 1253 416 1290 ea,
442 1238 546 1294 quia
568 1252 657 1278 non
679 1237 860 1278 fuerunt
891 1237 994 1278 libri
1016 1237 1276 1293 principales
1309 1237 1465 1278 harum
1488 1237 1769 1278 scientiarum

355 1322 434 1349 nec
466 1306 769 1349 commentarii
797 1306 1004 1347 translati
1037 1305 1214 1360 quando
1236 1306 1353 1348 rexit
1383 1306 1431 1347 in
1463 1305 1645 1347 artibus.
1711 1305 1770 1347 Et

355 1376 431 1417 diu
462 1378 615 1432 postea
645 1374 823 1416 fuerunt
846 1374 1217 1416 excommimicati
1249 1377 1294 1416 et
1326 1374 1524 1430 suspensi
1546 1371 1766 1425 Parisius‚¹

354 1444 432 1485 ubi
474 1445 566 1500 ipse
610 1443 796 1484 studuit.
861 1442 993 1486 Unde
1025 1443 1157 1484 citius
1195 1443 1393 1485 ordinem
1426 1442 1615 1484 intravit
1646 1445 1770 1484 ante-

355 1527 488 1568 quam
519 1511 699 1553 fuerunt
730 1511 778 1552 hi
809 1510 913 1553 libri
946 1511 1078 1553 semel
1110 1511 1300 1567 perlecti.
1353 1511 1483 1553 Istud
1514 1514 1671 1553 notum
1704 1515 1769 1553 est

354 1595 433 1636 per
471 1580 563 1635 ejus
606 1580 849 1634 ingressum
892 1580 940 1620 in
985 1580 1194 1632 ordinem,
1241 1582 1286 1621 et
1330 1595 1407 1635 per
1457 1580 1768 1635 dispersionem

354 1648 659 1690 universitatis
696 1647 953 1689 Parisiensis
989 1647 1216 1703 [parum];
1258 1662 1362 1689 nam
1393 1662 1530 1703 usque
1573 1649 1627 1689 ad
1668 1662 1768 1688 eum

354 1717 533 1758 fuerunt
563 1715 666 1757 libri
704 1715 929 1771 prohibiti,
970 1719 1014 1757 et
1053 1730 1191 1771 usque
1234 1730 1320 1771 quo
1361 1715 1495 1757 rediit
1540 1715 1770 1757 Universi-

354 1788 435 1835 tas,
468 1788 569 1841 post
601 1799 731 1840 quem
772 1784 965 1825 reditum
1011 1783 1104 1839 ipse
1148 1785 1339 1826 intravit
1380 1784 1646 1841 religionem,
1673 1784 1768 1839 jam

355 1868 490 1895 senex
520 1856 565 1894 et
607 1852 819 1908 magister
849 1852 897 1893 in
928 1852 1160 1908 theologia.
1225 1852 1371 1905 Unde,
1393 1856 1445 1894 ut
1476 1853 1672 1894 breviter
1703 1852 1768 1894 di-

355 1936 461 1973 cam,
484 1921 577 1977 ipse
608 1921 834 1977 ignoravit
866 1920 943 1961 has
976 1920 1180 1962 scientias
1212 1935 1329 1962 nunc
1359 1921 1574 1976 vulgatas,
1608 1921 1770 1962 scilicet

354 1990 603 2032 naturalem
634 1988 956 2045 philosophiam
988 1992 1032 2030 et
1054 1988 1412 2045 metaphysicam,
1435 1989 1482 2030 in
1515 1988 1674 2044 quibus
1705 1992 1770 2031 est

355 2062 452 2100 tota
498 2058 637 2114 gloria
685 2056 822 2098 studii
861 2057 1183 2099 modernorum.
1270 2056 1357 2098 Sed
1387 2056 1482 2098 sine
1512 2057 1600 2098 illis
1630 2057 1770 2113 logica

356 2127 457 2169 sciri
507 2141 599 2168 non
650 2127 811 2182 potest,
843 2128 895 2167 ut
941 2129 1066 2181 patet
1114 2125 1318 2167 omnibus
1370 2126 1447 2181 qui
1498 2126 1642 2168 sciunt
1692 2126 1771 2167 has

356 2194 576 2237 scientias.
680 2193 800 2235 Nam
841 2194 990 2235 decem
1038 2194 1141 2235 libri
1194 2192 1509 2250 Metaphysicae
1562 2197 1664 2235 sunt
1717 2194 1769 2236 de

358 2263 520 2305 eisdem
565 2262 617 2303 de
661 2262 822 2317 quibus
870 2261 1010 2318 logica
1054 2265 1230 2304 tractat.
1294 2262 1354 2304 Et
1385 2262 1601 2304 naturalis
1631 2263 1771 2318 philo-

357 2332 511 2387 sophia
541 2331 590 2371 in
621 2330 771 2372 multis
803 2330 1096 2372 communicat
1128 2330 1292 2386 logicae,
1316 2334 1360 2372 et
1390 2331 1438 2372 in
1470 2330 1567 2372 aliis
1599 2334 1769 2372 contra-

360 2399 468 2440 dicit
501 2398 748 2448 crudeliter,
784 2413 882 2453 quae
917 2398 1289 2439 contradictiones
1332 2399 1431 2440 sciri
1467 2413 1556 2439 non
1586 2402 1770 2453 possunt

364 2467 457 2508 sine
492 2465 643 2521 logica.
697 2466 758 2506 Et
806 2466 843 2506 si
891 2466 1065 2520 quando
1099 2465 1340 2507 contendat
1386 2466 1440 2506 de
1483 2465 1544 2507 eis
1576 2465 1769 2508 scientiis

362 2535 410 2576 in
441 2534 521 2575 hac
564 2535 690 2589 parte
734 2533 916 2589 planum
948 2534 1020 2574 vel
1051 2533 1254 2574 omnibus
1296 2533 1510 2589 theologis
1541 2533 1672 2575 vilior
1703 2537 1770 2576 est

362 2601 576 2645 omnibus.
679 2601 739 2643 Et
792 2600 938 2656 plures
990 2600 1124 2642 habet
1185 2600 1400 2642 falsitates
1452 2603 1496 2642 et
1547 2602 1769 2644 vanitates

360 2670 657 2728 philosophiae.
738 2668 873 2725 Cujus
904 2669 1079 2726 signum
1112 2675 1178 2712 est
1211 2669 1327 2724 quod
1358 2669 1505 2712 nullus
1536 2669 1642 2713 facit
1673 2685 1768 2713 eam

571 2891 577 2908 ¹
601 2889 768 2932 Puris-ius]
798 2890 833 2922 in
849 2891 988 2923 modern
1011 2890 1112 2929 hand,
1130 2894 1264 2933 tempore
1279 2891 1362 2933 reyis
1371 2889 1544 2922 ιῙοῘιαηηιῖς.
