1964 3259
124 803 196 838 The
209 805 332 847 praises

124 851 289 882 bestowed
301 861 343 882 on

122 895 214 927 these
231 895 295 926 sci-

123 950 219 972 ences
243 941 289 981 by

124 984 330 1017 theFathers.

125 1494 229 1529 Their

126 1542 238 1583 utility
254 1541 289 1572 in

127 1586 263 1627 helping
279 1591 313 1618 to

125 1630 284 1671 interpret

126 1674 267 1708 difficult

126 1729 279 1761 passages
293 1721 331 1752 of

127 1763 305 1805 Scripture.

366 263 452 303 200
865 272 1037 306 ROGERI
1070 273 1264 307 BAcoMs
1657 271 1770 326 [CAP.

364 389 500 431 cendo
532 390 653 439 alios,
677 394 722 432 et
755 392 1013 448 exponendo
1037 391 1320 448 Scripturam,
1346 397 1390 435 et
1421 393 1641 437 laudando
1679 411 1774 437 eam

362 472 493 514 super
525 473 674 500 omnes
716 460 825 501 alias
858 460 1075 503 scientias,
1159 460 1220 502 Et
1261 461 1364 503 licet
1407 461 1454 503 in
1502 462 1643 518 Opere
1681 463 1775 505 Ma—

357 526 447 581 jori
490 527 677 583 probavi
725 528 804 570 hoc
848 544 925 585 per
977 529 1138 571 multas
1189 529 1475 572 auctoritates
1513 534 1773 582 sanctorum,

365 594 534 636 tamen¹
586 595 656 637 hic
700 596 802 638 volo
847 612 982 639 unam
1028 613 1178 640 earum
1211 598 1381 649 referre,
1416 614 1514 655 quae
1546 603 1613 641 est
1643 615 1774 656 gene-

365 662 468 704 ralis
500 664 557 705 ad
588 666 731 706 totam
774 666 1132 708 mathematicam
1165 670 1210 709 et
1241 671 1431 723 quatuor
1475 667 1567 723 ejus
1613 671 1773 725 partes,

363 745 461 786 quae
508 735 612 774 sunt
654 733 907 788 geometria,
952 735 1255 786 aritlnnetica,'
1284 736 1562 789 astronomia,
1595 737 1772 779 musica.

363 799 486 842 Dicit
523 816 622 843 eum
667 801 989 852 Cassioc101·us‚2
1034 804 1183 846 doctor
1219 805 1411 847 famosus
1456 805 1502 847 in
1541 805 1770 862 theologia,

362 869 441 911 has
472 869 675 912 scientias
708 874 898 926 quatuor
928 871 1033 913 dum
1066 873 1254 915 sollicita
1297 877 1446 916 mente
1491 874 1770 923 revolvimus,

362 952 538 979 sensum
580 943 755 989 acuunt,
790 940 1032 995 limumque
1062 940 1326 997 ignorantiae
1359 943 1607 999 detergunt,
1640 946 1684 984 et
1716 943 1773 984 ad

359 1006 480 1049 illam
531 1008 846 1064 speculativam
902 1009 1346 1065 contemplationem,3
1401 1011 1594 1053 Domino
1646 1011 1775 1067 largi-

360 1079 471 1127 ente,
505 1076 763 1132 perducunt.
829 1077 947 1129 Quas
979 1077 1135 1120 merito
1180 1079 1321 1121 sancti
1355 1082 1501 1135 patres
1545 1077 1774 1136 legendas4

360 1145 630 1200 persuadent
647 1161 657 1197 3
690 1146 794 1202 quia
826 1161 881 1188 ex
912 1161 1073 1203 magna
1103 1150 1227 1203 parte
1271 1162 1348 1204 per
1379 1163 1450 1190 eas
1493 1148 1716 1205 appetitus
1747 1163 1774 1190 a

361 1214 611 1256 carnalibus
644 1215 774 1257 rebus
807 1215 1110 1268 abstrahitur3
1143 1219 1188 1258 et
1210 1216 1379 1259 faciunt
1411 1217 1652 1260 desiderare
1676 1233 1773 1273 quae

360 1284 461 1335 solo,
488 1284 679 1326 Domino
711 1284 939 1341 largiente,
964 1284 1116 1327 corde-‘⁵
1137 1300 1365 1341 possumus
1396 1286 1615 1342 respicere.
1658 1286 1773 1338 Quo-

361 1353 489 1395 modo
512 1357 660 1395 autem
683 1352 865 1396 laudant
887 1353 1028 1395 saneti
1059 1353 1255 1410 singulas
1278 1357 1425 1410 partes
1448 1355 1773 1397 mathematicae

363 1422 602 1464 secundum
635 1438 691 1473 se,
725 1426 769 1465 et
801 1422 848 1464 in
880 1422 1146 1479 particulari,
1180 1426 1306 1479 patet
1336 1438 1392 1464 ex
1426 1423 1568 1480 Opere
1603 1422 1773 1479 Majori.

425 1491 598 1534 Deinde
631 1491 843 1534 descendo
875 1492 931 1533 ad
962 1490 1205 1534 utilitatem
1227 1492 1551 1535 mathematicae
1579 1496 1776 1549 respectu

364 1559 597 1616 theologize
629 1560 768 1616 magis
801 1560 1057 1616 specialiter,
1090 1563 1135 1602 et
1167 1560 1350 1602 ostendo
1383 1560 1499 1616 quod
1531 1561 1577 1602 in
1609 1564 1776 1617 septem

365 1628 584 1670 radicibus
615 1628 787 1684 magnis
824 1629 1067 1669 necessaria
1110 1632 1176 1670 est
1222 1629 1534 1691 mathematica
1577 1632 1776 1685 respectu

364 1697 607 1754 theologiae.
672 1697 732 1738 Et
773 1700 878 1738 sunt
919 1697 1035 1739 haec:
1086 1697 1290 1749 coelestia,
1322 1697 1416 1739 loca
1457 1697 1623 1748 mundi,
1669 1700 1777 1739 tem-

364 1780 482 1822 pora,
530 1765 751 1821 passiones
798 1769 1055 1821 temporum,
1101 1765 1283 1815 numeri,
1328 1765 1493 1821 figurae,
1536 1764 1774 1807 musicalia.

370 1834 570 1886 Quatuor
644 1833 785 1890 prima
849 1834 1073 1890 pertinent
1138 1833 1193 1875 ad
1258 1833 1598 1887 astronomiam3
1673 1849 1775 1875 nam

363 1903 456 1946 hzec
488 1903 581 1945 sola
613 1902 667 1944 de
699 1902 787 1944 illis
820 1902 1040 1944 certificat.
1106 1902 1165 1944 Et
1212 1901 1394 1944 ostendo
1438 1902 1588 1944 multis
1634 1902 1776 1945 modis

364 1972 482 2028 quod
535 1971 728 2028 cognitio
781 1970 1023 2013 coelestium
1078 1974 1145 2013 est
1196 1971 1373 2013 omnino
1425 1971 1677 2021 necessaria,
1732 1974 1779 2013 et

363 2044 543 2097 propter
595 2044 771 2082 textum
825 2044 870 2082 et
922 2042 1101 2096 propter
1154 2040 1404 2083 sententias.
1467 2039 1584 2081 Nam
1637 2040 1778 2082 multa

364 2110 595 2166 disputant
627 2109 820 2165 theologi
852 2109 905 2150 de
938 2108 1035 2161 his3
1080 2113 1124 2151 et
1155 2109 1298 2151 multa
1329 2109 1376 2150 in
1408 2112 1539 2151 textu
1570 2112 1615 2151 et
1647 2123 1780 2165 expo-

364 2178 524 2220 sitione
578 2177 672 2234 ejus
723 2177 771 2218 in
833 2177 959 2219 libris
1010 2180 1260 2220 sanctorum
1322 2178 1626 2230 inveniuntur,
1680 2192 1777 2233 quae

362 2247 530 2289 habent
561 2261 742 2303 magnas
775 2245 1062 2288 difficultates.
1108 2246 1225 2289 Nam
1256 2246 1449 2302 theologi
1481 2247 1711 2303 disputant
1732 2246 1776 2287 in

365 2315 596 2357 sententiis
649 2315 701 2357 de
739 2315 1032 2358 continuitate
1065 2317 1110 2357 et
1148 2315 1200 2357 de
1232 2315 1521 2357 multitudine
1555 2315 1776 2365 coelorum,

365 2384 417 2425 de
449 2384 592 2439 figura
624 2398 786 2433 eorum,
820 2386 865 2425 et
917 2383 970 2425 de
1012 2383 1181 2425 circulis
1226 2383 1474 2425 cccentricis
1521 2385 1566 2424 et
1610 2382 1778 2438 epicyc-

365 2451 473 2503 licis,
529 2455 574 2493 et
622 2452 747 2504 alii—:3
816 2451 868 2493 de
920 2451 1113 2493 motibus
1167 2452 1388 2503 coelorum,
1442 2451 1494 2492 de
1546 2450 1779 2493 influentia

364 2520 574 2563 coelorum
608 2520 654 2561 in
686 2520 779 2562 haec
822 2520 1039 2571 inferiora,
1075 2520 1127 2562 de
1174 2519 1277 2570 sato,
1322 2523 1367 2561 et
1409 2519 1659 2575 hujusmodi
1703 2534 1780 2575 per

364 2589 557 2633 coelestia
587 2592 786 2646 respectu
817 2588 1016 2641 hominis,
1051 2593 1095 2631 et
1117 2588 1170 2631 de
1202 2588 1352 2630 multis
1384 2588 1480 2630 aliis
1516 2603 1565 2630 ac
1596 2588 1777 2644 magnis.

408 2745 414 2763 ¹
443 2743 562 2785 tamen]
583 2753 656 2784 quoe
669 2748 789 2781 tamen,
813 2743 853 2774 Β.
1138 2742 1148 2759 ⁴
1172 2742 1398 2784 sanctipacres
1422 2740 1587 2784 leyendas]
1615 2741 1772 2783 legendas

409 2800 421 2817 ‘·'
449 2797 673 2839 Cassiodorus]
701 2797 753 2828 De
766 2796 843 2828 Art.
862 2805 932 2837 cap.
949 2794 993 2826 iii.
1094 2795 1199 2827 saneti
1215 2800 1333 2836 patres.
1373 2788 1414 2826 Τ.

407 2854 419 2871 ³
442 2849 749 2893 contemplacionem]
776 2848 905 2881 written
930 2848 1033 2881 above
1139 2849 1151 2867 ⁵
1169 2847 1279 2890 corde]
1300 2858 1364 2880 om.
1386 2847 1426 2881 Τ.

363 2904 640 2937 consideracionem
651 2917 661 2943 ,-
685 2902 731 2935 in.
750 2902 789 2934 Τ.
