1964 3259
763 265 878 297 OPUS
909 264 1065 297 MINUS.
1529 253 1614 294 363

211 387 417 426 naturam
460 383 607 425 omnia
637 382 863 431 elementa,
894 392 1065 421 11606556
1101 380 1168 419 est
1201 376 1320 432 quod
1360 377 1407 417 in
1439 390 1617 432 genera-
1657 434 1660 436 -

209 452 330 494 tione
392 452 534 493 mixta
596 451 648 492 de
698 452 817 491 terra
872 450 970 489 tota
1020 449 1180 488 natura
1234 447 1365 487 terrae
1417 438 1653 501 specifica*

211 521 477 570 destruatur,
510 522 555 561 et
596 519 873 560 removeatur
903 518 1064 557 natura
1106 517 1250 564 terrae,
1284 513 1396 555 510111
1426 513 1542 569 ignis
1574 516 1618 554 et

212 604 338 644 aquae
381 592 426 631 et
472 587 594 637 aeris,
630 586 733 641 quia
777 588 938 625 natura
981 584 1125 624 mixta
1169 583 1222 624 de
1268 597 1383 624 novo
1429 581 1495 623 fit.
1560 581 1620 622 Et

212 657 327 699 sicut
356 659 527 698 naturae
557 658 646 697 tres
678 654 960 696 elementares
991 654 1260 693 renovantur
1291 651 1339 691 in
1370 650 1450 692 hoc
1480 649 1622 691 mixto

214 739 384 767 11606556
427 728 492 766 651
525 723 642 779 (111οᾶ
684 725 728 764 61
759 723 925 776 quarta.
989 720 1049 761 Et
1079 720 1179 761 ideo
1221 718 1478 775 imaginatio
1514 717 1622 758 falsa

214 796 292 845 est,
316 808 413 848 quae
445 792 553 834 dicit
585 790 702 847 quod
733 792 896 830 natura
925 787 1043 830 illius
1076 787 1280 830 elementi
1312 787 1430 841 quod
1463 786 1619 827 subici-

215 865 289 903 tur
331 861 379 902 in
421 859 704 916 generatione
746 860 971 899 remaneat
1014 857 1124 898 citra
1166 855 1471 897 intentionem.
1533 854 1620 896 Sed

215 931 388 985 oportet
420 928 537 983 quod
566 929 664 969 tota
693 928 855 981 natura
896 925 1038 966 mixta
1069 939 1124 966 ex
1156 928 1345 980 quatuor
1374 925 1620 977 renovetur.

276 997 392 1039 Item
435 996 472 1038 si
516 999 634 1038 terra
677 998 925 1037 remaneret
960 997 1067 1036 tunc
1109 1008 1199 1035 non
1242 996 1353 1034 65561
1398 992 1621 1048 generatio

217 1064 349 1106 mixti
412 1064 466 1106 de
533 1064 709 1121 propria
760 1062 954 1114 materia,
1001 1063 1076 1104 sed
1138 1060 1297 1103 mixtio
1348 1060 1622 1115 quarundam

215 1148 375 1186 rerum,
397 1133 511 1175 sicut
548 1148 673 1188 aquae
711 1135 756 1174 et
793 1131 884 1174 vini
920 1145 1019 1172 011111
1057 1131 1149 1172 0160
1186 1133 1231 1172 61
1266 1130 1390 1180 16016,
1426 1128 1498 1170 vel
1539 1127 1624 1169 alia

216 1201 476 1257 hujusmodi.
547 1201 630 1243 Sed
685 1201 778 1242 haee
829 1199 987 1241 mixtio
1039 1214 1129 1240 non
1179 1201 1245 1240 est
1295 1196 1519 1254 generatio
1570 1196 1623 1237 de

217 1270 419 1326 potentia
440 1270 648 1319 materiae,
671 1283 750 1311 nec
771 1268 932 1310 veritas
953 1267 1096 1317 mixti,
1121 1281 1217 1322 quae
1238 1267 1291 1308 fit
1310 1281 1388 1323 per
1407 1267 1621 1307 naturam.

219 1337 504 1380 Manifestum
539 1340 603 1379 651
624 1338 761 1393 igitur
794 1337 909 1392 quod
931 1336 1041 1378 falsa
1062 1339 1127 1378 est
1159 1335 1318 1393 positio
1340 1334 1623 1390 Anglicorum

218 1407 331 1448 sicut
364 1408 409 1448 et
442 1405 767 1447 Parisiensium.

283 1544 369 1588 Sed
401 1544 776 1600 qualitercumque
816 1544 989 1594 dicatur
1031 1543 1175 1585 adhuc
1216 1543 1393 1585 videtur
1440 1542 1623 1598 quaestio
1644 1549 1838 1602 Qfgenera-

219 1613 490 1669 gravissima,
534 1613 751 1667 qfiomodo
794 1614 984 1668 quatuor
1025 1612 1241 1653 elementa
1287 1611 1454 1653 faciunt
1497 1625 1623 1652 51111111
1641 1596 1813 1672 ἓξέΐῗζὲῗὶ

220 1695 372 1737 corpus
404 1681 594 1722 mixtum
619 1684 789 1723 natura.
850 1680 1110 1722 Aristoteles
1132 1680 1179 1721 in
1201 1680 1367 1722 decimo
1391 1679 1624 1736 Metaphy-
1643 1685 1809 1719 elementa

219 1748 432 1791 sicorum¹
455 1750 589 1799 docet,
621 1749 714 1791 sine
736 1748 1084 1791 contradictione
1115 1749 1324 1804 possibili,
1348 1749 1464 1805 quod
1498 1762 1624 1790 omne

221 1818 414 1859 medium
451 1821 518 1860 651
555 1818 740 1860 duorum
783 1817 1102 1859 contrariorum
1133 1816 1428 1859 terminorum.
1506 1816 1625 1857 Nam

221 1886 351 1927 unius
387 1885 708 1927 contrarietatis
741 1900 830 1926 non
876 1888 980 1926 sunt
1024 1884 1112 1926 nisi
1143 1885 1229 1926 (1110
1274 1887 1480 1934 extrema,
1513 1884 1626 1925 sicut

220 1968 298 1995 nec
328 1953 459 1994 unius
490 1953 729 2004 divisionis,
766 1956 817 1994 ut
854 1953 1017 2008 allegat
1058 1952 1367 2008 philosophum
1407 1953 1512 2007 quia
1546 1953 1626 1993 im-

222 2021 427 2077 possibile
468 2025 534 2063 651
578 2021 693 2076 quod
739 2020 866 2076 plura
913 2021 1082 2062 duobus
1128 2021 1218 2063 sint
1260 2021 1488 2070 contraria,
1523 2032 1625 2076 ergo

224 2104 303 2131 1160
333 2092 421 2130 tres
452 2089 524 2131 vel
555 2092 743 2144 quatuor
779 2092 884 2130 sunt
920 2089 1148 2131 contraria.
1212 2088 1299 2131 Sed
1330 2089 1417 2131 duo
1448 2092 1626 2131 tantum

224 2158 470 2199 adinvicem
513 2160 774 2213 comparata,
807 2157 875 2199 uti
909 2157 1097 2199 calidum
1129 2160 1173 2199 et
1203 2157 1424 2214 frigidum,
1457 2157 1626 2199 faciunt

225 2241 360 2268 unam
406 2226 775 2268 contrarietatem.
866 2225 998 2267 Unde
1039 2225 1107 2268 hae
1159 2229 1348 2281 quatuor
1393 2226 1628 2281 qualitates

224 2309 315 2336 non
360 2297 464 2336 sunt
507 2294 754 2336 adinvicem
791 2294 1023 2336 contrariae
1064 2309 1143 2336 nec
1186 2298 1275 2336 tres
1317 2294 1505 2345 illarum,
1552 2295 1627 2336 sed

228 2363 328 2406 duae
360 2366 404 2405 et
437 2363 546 2405 duae.
612 2361 698 2404 Sed
731 2377 821 2404 non
852 2362 904 2404 fit
935 2362 1130 2404 medium
1172 2362 1258 2404 nisi
1297 2363 1483 2404 duorum
1527 2377 1626 2406 0011-

223 2432 469 2482 trariorum,
515 2434 568 2473 ut
597 2430 859 2473 Aristoteles
903 2431 1027 2473 docet
1068 2431 1180 2473 libro
1223 2432 1446 2487 praedicto.
1511 2432 1627 2488 Ergo

226 2503 278 2542 ut
324 2499 409 2541 erit
440 2514 528 2541 una
563 2502 724 2540 natura
760 2499 906 2541 media
941 2500 1058 2542 inter
1091 2499 1283 2542 calidum
1323 2502 1368 2542 et
1404 2500 1626 2556 frigidum,

227 2571 272 2610 et
301 2567 531 2609 humidum
569 2571 614 2610 et
650 2568 824 2619 siccum,
867 2568 928 2609 510
968 2568 1106 2624 igitur
1147 2571 1276 2609 erunt
1318 2568 1416 2610 duze
1456 2571 1626 2610 1161111116

228 2636 382 2678 medjae
429 2634 476 2677 in
520 2635 672 2678 mixto.
751 2635 839 2678 Sed
883 2637 953 2678 hae
998 2636 1097 2678 duze
1141 2639 1312 2678 naturae
1349 2636 1503 2678 mediae
1538 2650 1627 2678 non

737 2860 1050 2902 &Ietapltffl[corum]
1070 2871 1102 2892 X.
1122 2864 1149 2892 7.
