1964 3259
136 2174 171 2206 A
189 2175 324 2207 defence

137 2220 176 2250 of
187 2221 312 2270 mathe-

137 2272 263 2299 manes·

358 270 445 312 268
858 277 1029 310 ROGERI
1062 276 1256 309 BACONIS
1652 268 1767 325 [CAP.

357 388 474 430 enim
526 393 592 432 est
644 402 744 445 pars
795 388 1036 430 necessaria
1088 387 1278 440 musicae,
1323 387 1435 430 sieut
1488 388 1767 444 Augustinus

357 457 481 499 docet
512 457 702 500 seeundo
726 455 932 507 Musieze,¹
955 457 1101 499 dicens
1135 456 1277 512 quodff
1300 457 1476 513 plausus
1502 458 1768 499 necessarius

357 529 435 576 est,
469 526 572 581 quia
602 541 692 568 non
724 525 864 567 solum
908 529 974 567 est
1016 525 1250 567 delectatio
1293 525 1471 567 auditus
1513 526 1767 578 necessaria,

358 595 434 636 sed
466 595 597 637 visus.
662 594 750 636 Sed
790 593 1017 650 Scriptura
1063 595 1193 650 plena
1224 596 1290 636 est
1322 594 1400 644 his,
1434 609 1537 635 nam
1568 594 1770 650 praeeipit

357 663 561 705 omnibus
583 663 812 719 gentibus:
833 661 849 685 3
884 662 1125 705 “Plaudite
1147 663 1365 713 manibus,
1385 665 1429 704 et
1452 663 1653 705 exultate
1676 663 1769 705 Deo

358 735 379 753 ‘⁶
411 731 605 787 adjutori
635 730 819 773 vestro.''
854 731 912 773 Et
947 736 967 752 ‘⁶
986 730 1183 773 Laudate
1221 731 1366 773 Deum
1398 731 1446 772 in
1476 733 1691 787 tympano
1726 735 1771 773 et

357 805 381 822 “
413 799 580 842 01101·0.”
640 800 710 842 Ibi
753 803 819 842 est
851 800 1008 841 chorus
1054 814 1132 855 pro
1178 799 1345 851 chorea,
1393 800 1633 841 seeundum
1679 799 1771 841 He-

356 867 561 911 braeum.4
624 868 684 910 Et
716 868 904 910 seeundo
928 868 1111 924 Regum,
1134 871 1272 919 sexto,
1296 867 1467 910 inducit
1489 868 1637 910 David
1668 868 1769 910 sub-

356 937 576 978 silientem
618 940 664 978 et
695 937 931 978 saltantem
970 951 1114 978 eoram
1160 936 1276 978 Area
1321 936 1513 978 Domini.
1608 937 1668 978 Et
1710 937 1771 979 sie

360 1005 510 1056 Maria,
544 1019 663 1047 soror
716 1005 875 1060 Moysi,
910 1020 1008 1047 011111
1061 1005 1231 1047 caeteris
1283 1005 1543 1046 mulieribus
1594 1005 1770 1047 choreas

356 1074 582 1115 duxerunt
604 1090 612 1125 3
646 1077 690 1115 et
716 1073 776 1115 sie
806 1088 884 1129 per
915 1074 1009 1115 loca
1042 1073 1283 1129 Scriptura}
1306 1073 1646 1115 innumerabilia
1667 1078 1771 1116 sunt

356 1141 568 1183 voeabula
609 1141 739 1183 istius
782 1141 923 1197 partis
967 1141 1144 1184 musicae
1183 1156 1361 1197 sparsa3
1410 1145 1461 1183 ut
1493 1142 1627 1183 etiam
1669 1143 1770 1184 bea-

355 1211 524 1252 tissima
556 1210 693 1266 Virgo
726 1210 870 1252 dieat:
923 1214 943 1232 “
962 1209 1200 1251 Exultavit
1232 1210 1412 1265 spiritus
1444 1225 1565 1251 meus
1596 1210 1643 1251 in
1675 1211 1770 1253 Deo

358 1286 380 1301 “
413 1278 596 1320 salutari
619 1293 714 1320 meo
733 1277 769 1330 ;''
814 1293 894 1320 nos
925 1293 1002 1334 per
1033 1278 1113 1320 1100
1145 1278 1303 1320 doeens
1337 1279 1454 1334 quod
1487 1278 1579 1320 haee
1613 1280 1771 1331 omnia,

355 1363 453 1403 quae
498 1347 614 1404 Lege
645 1347 793 1389 Veteri
838 1347 956 1389 faeta
987 1350 1092 1389 sunt
1124 1347 1181 1388 ad
1214 1347 1399 1398 literam,
1434 1346 1644 1388 faciamus
1686 1348 1771 1404 spi-

355 1416 605 1468 ritualiter3
648 1419 692 1458 et
729 1416 969 1458 seeundum
1000 1416 1177 1458 literam
1209 1419 1253 1457 et
1284 1415 1524 1457 seeundum
1566 1416 1771 1472 spiritum

356 1499 627 1540 exponamus
660 1487 837 1526 textum
870 1484 955 1525 Dei
987 1483 1240 1539 hujusmodi
1278 1484 1588 1526 continentem.
1656 1484 1772 1537 Qua-

356 1557 535 1609 propter
580 1556 753 1609 oportet
795 1567 875 1594 nos
907 1552 1015 1594 seire
1047 1553 1338 1608 proprietates
1382 1553 1565 1594 istorum
1597 1556 1641 1595 et
1673 1568 1772 1595 0011-

361 1621 562 1670 ditiones,
615 1624 667 1662 ut
718 1635 892 1662 sensum
924 1621 1139 1662 literalem
1183 1635 1465 1676 exponamus,
1510 1624 1554 1663 et
1595 1622 1770 1677 spiritu-

362 1689 475 1731 alem
518 1689 813 1731 extrahamus
909 1688 997 1730 Sed
1048 1689 1205 1729 horum
1237 1688 1400 1730 notitia
1437 1691 1503 1730 est
1549 1704 1603 1731 ex
1647 1693 1773 1745 parte

362 1758 536 1800 musioae
569 1757 622 1799 de
653 1756 820 1798 visibili
845 1756 1129 1813 jucunditate
1162 1756 1404 1798 constituta
1421 1772 1431 1808 ;
1475 1760 1520 1798 et
1550 1757 1650 1799 ideo
1681 1758 1774 1801 11100

361 1841 472 1883 pars,
508 1825 621 1868 sieut
651 1829 831 1875 eaeterae,
865 1825 1105 1867 necessaria
1137 1828 1203 1867 est
1234 1825 1321 1881 legi
1353 1825 1528 1868 divinae.

921 2049 1025 2091 CAP.
1060 2048 1197 2091 LXV.

423 2170 648 2212 POSTHAEC
680 2169 917 2212 videbatur
949 2169 1058 2211 mihi
1096 2172 1390 2225 opportunum
1432 2169 1619 2212 inserere
1661 2170 1773 2226 eapi-

362 2238 505 2280 tulum
561 2238 615 2279 de
673 2238 956 2280 excusatione
1019 2237 1353 2287 mathematicae,
1406 2241 1457 2280 ut
1519 2253 1773 2280 evacuarem

362 2306 592 2348 mendacia
625 2322 722 2362 quae
756 2307 795 2348 01
827 2306 1088 2348 inferuntur.
1150 2306 1268 2348 Nam
1301 2306 1429 2347 aliter
1461 2306 1553 2362 ejus
1574 2307 1681 2357 laus,
1720 2306 1773 2347 de

362 2389 449 2429 qua
480 2374 651 2416 loeutus
683 2373 811 2415 sum⁵
845 2389 984 2429 super,
1009 2374 1324 2430 denigrabitur,
1359 2377 1403 2415 et
1434 2374 1481 2415 in
1511 2374 1650 2430 gloria
1682 2373 1773 2429 ejus

361 2442 532 2483 macula
563 2444 758 2497 ponetur.
823 2442 1038 2483 Homines
1081 2442 1197 2483 enim
1244 2439 1435 2497 semper⁶
1481 2445 1586 2482 sunt
1628 2442 1771 2497 parati

360 2510 592 2566 reprobare
625 2510 743 2565 quod
783 2510 997 2561 nesciunt,
1052 2513 1096 2551 et
1151 2524 1248 2564 quae
1294 2524 1384 2551 non
1428 2513 1533 2551 sunt
1576 2510 1769 2566 vulgata,

406 2712 412 2730 ¹
431 2711 566 2743 serundo
583 2709 742 2754 stltmz'coe]
762 2722 832 2752 cap.
851 2711 896 2742 xi.
1145 2711 1154 2728 ⁴
1173 2711 1362 2753 [Ic-braum]
1391 2713 1562 2751 chraeos,
1580 2713 1619 2744 T.

404 2767 416 2784 '²
432 2765 531 2806 quod]
559 2765 647 2806 quia,
666 2765 706 2796 T.
1146 2764 1294 2795 ⁵loculus
1316 2765 1401 2807 snm]
1430 2776 1502 2796 sum
1534 2766 1672 2805 locutus,
1699 2766 1738 2798 T.

403 2819 415 2836 ³
431 2817 572 2850 omnihus
588 2817 750 2860 yentibus]
779 2828 893 2849 omnes
905 2823 1031 2860 gentes,
1147 2818 1158 2835 ⁶
1174 2818 1314 2860 semper]
1334 2828 1399 2850 om.
1417 2818 1456 2850 Τ.

359 2871 399 2904 B.
