1964 3259
145 387 194 418 Of
206 387 262 419 the

137 432 272 464 various

137 477 287 509 vers-{ons
301 477 339 509 of

138 521 195 552 the
214 522 325 563 Serip-

137 569 235 598 tures.

368 260 454 302 3:36
876 269 1045 300 ROGERI
1078 268 1270 301 BACONTS

368 381 506 437 gistor
538 383 850 436 Historiarum,
884 388 928 426 et
962 385 1108 442 Hugo,
1132 388 1177 427 et
1209 385 1459 441 hujusmodi
1491 388 1700 438 auctores,
1725 387 1778 430 de

367 465 481 493 novo
503 452 750 495 formataml
774 453 996 496 {estiment
1020 454 1068 495 in
1090 454 1119 496 J
1124 454 1268 496 ericho
1294 454 1434 496 fuisse.
1472 454 1655 496 Sextam
1676 470 1779 497 vero

366 523 412 561 et
458 521 660 576 quintam
704 521 914 578 Origenes
954 523 1138 573 invenit,
1182 526 1233 565 ut
1274 523 1427 564 scribit
1463 523 1778 578 Hieronymus,

365 588 432 630 et‘2
464 603 562 646 oum
597 590 765 632 caeteris
797 592 1078 647 comparavit.
1143 592 1202 633 Et
1234 592 1301 634 hae
1335 605 1484 633 omnes
1515 591 1695 633 fuerunt
1727 591 1780 633 de

365 657 557 700 Hebraeo
589 659 635 700 in
670 658 871 701 Graeeum
909 660 1153 712 transfusae,
1188 663 1232 702 et
1265 675 1354 702 una
1392 660 1568 701 illarum
1601 662 1778 701 tantum

363 726 416 768 de
450 726 601 769 Graeco
633 727 680 768 in
713 727 935 780 Latinum,
969 729 1133 771 scilicet
1165 729 1302 770 editio
1334 729 1540 785 Vulgata,
1565 743 1663 784 quae
1693 728 1779 770 fuit

363 794 657 851 Septuaginta
700 796 1006 852 interpretum,
1047 801 1226 853 excepto
1269 796 1386 852 quod
1429 797 1627 838 Danielis
1669 797 1780 838 liber

356 863 491 918 juxta
545 864 877 906 translationem
929 865 1240 907 Theodotionis
1282 865 1329 906 in
1373 865 1583 906 Latinum
1627 879 1778 906 versus

362 931 458 983 fuit,
509 933 610 987 quia
662 933 950 975 translatione
996 933 1291 989 Septuaginta
1333 934 1380 974 in
1419 933 1601 975 Daniele
1647 933 1776 975 00010-

363 1000 438 1041 siae
472 1001 555 1042 Dei
591 1015 679 1041 non
717 1004 919 1053 utuntur,
955 1005 1007 1043 ut
1050 1002 1158 1043 dicit
1181 1002 1486 1057 Hieronymus
1519 1001 1567 1042 in
1598 1001 1776 1057 prologo

364 1067 591 1109 Danielis.3
655 1068 770 1119 Quia
802 1072 952 1110 autem
989 1084 1079 1111 non
1111 1070 1249 1111 solum
1285 1084 1340 1110 ex
1373 1070 1483 1111 vitio
1515 1069 1773 1125 scriptorum

363 1136 695 1177 translationem
739 1135 1033 1193 Septuaginta
1065 1140 1314 1192 corruptam
1349 1137 1522 1179 invenit
1554 1137 1773 1192 Hierony-

364 1219 469 1254 mus,
512 1204 587 1246 sed
631 1204 688 1246 ab
735 1205 827 1260 ipso
871 1204 1002 1246 initio
1049 1205 1211 1246 multas
1256 1205 1414 1246 habuit
1456 1204 1683 1254 falsitates,
1730 1208 1775 1246 et

362 1274 555 1315 defectus
577 1273 926 1323 necessariorum,
950 1277 995 1315 et
1018 1273 1179 1314 multas
1201 1273 1539 1329 superfluitates,
1571 1276 1616 1314 et
1637 1273 1776 1314 haeret

362 1342 454 1382 ibi⁴
487 1342 652 1383 veritas
686 1341 872 1392 devicta,
908 1342 1006 1383 ideo
1038 1341 1194 1383 beatus
1243 1341 1544 1395 Hieronymus
1589 1340 1775 1383 ecclesiae

364 1411 621 1452 Latinorum
675 1410 870 1452 reddidit
922 1410 1255 1452 translationem
1309 1410 1362 1451 de
1416 1409 1618 1459 Heln-teo,
1661 1409 1773 1451 veri-

361 1482 499 1520 tatem
545 1479 809 1521 Hebrai'eam
861 1482 993 1534 prout
1046 1478 1187 1528 seivit,
1232 1480 1276 1520 et
1329 1477 1461 1519 etiam
1516 1492 1645 1519 ausus
1688 1477 1773 1519 fuit

361 1546 595 1589 transferre
633 1546 979 1598 convenientem,
1027 1546 1172 1602 [quia]
1212 1560 1266 1587 ne
1307 1546 1444 1587 nimia
1484 1546 1659 1587 novitas
1701 1546 1774 1587 de-

361 1619 546 1656 terreret
588 1615 828 1656 audientes.
896 1615 955 1655 Et
998 1615 1104 1669 quia
1147 1614 1438 1669 reputabatur
1481 1614 1681 1655 falsarius
1729 1617 1773 1655 et

361 1686 588 1738 corruptor
622 1682 870 1738 Scripturze,
909 1697 999 1723 non
1036 1696 1167 1723 ausus
1203 1681 1289 1722 fuit
1327 1681 1485 1732 omnia,
1524 1684 1575 1722 ut
1611 1682 1770 1737 potuit,

361 1751 531 1793 meliori
565 1751 692 1792 modo
719 1750 965 1801 transferre,
989 1750 1102 1792 sieut
1139 1749 1244 1791 satis
1276 1752 1400 1804 patet
1432 1764 1485 1790 ex
1519 1748 1611 1803 ejus
1643 1749 1773 1804 serip-

361 1820 503 1870 turis3
548 1822 592 1860 et
624 1818 817 1859 humana
850 1818 1092 1874 fragilitate
1138 1817 1395 1873 compulsuS,
1430 1817 1666 1871 aliquando
1698 1832 1770 1858 ve-

361 1888 537 1929 locitate
570 1887 768 1937 dictavit,
816 1889 859 1928 et
892 1887 1035 1927 minus
1066 1886 1175 1927 bene
1208 1884 1473 1940 conseripsit,
1503 1888 1555 1926 ut
1586 1884 1771 1940 ipsemet

361 1957 417 1997 ad
452 1955 666 2011 Magnum
710 1957 939 2003 oratorem,
975 1957 1020 1996 et
1062 1968 1190 2009 super
1228 1953 1402 2004 Isaiam,
1442 1955 1487 1994 et
1522 1952 1630 1994 alibi
1672 1967 1771 1994 con-

362 2027 525 2075 fitetur,
560 2024 665 2065 dum
698 2024 810 2064 male
843 2022 1061 2064 translata
1092 2021 1255 2063 nititur
1286 2035 1498 2062 revocare.

423 2093 641 2144 Quoniam
675 2092 813 2147 igitur
855 2091 973 2146 apud
1010 2091 1191 2132 Latinos
1233 2104 1322 2131 non
1364 2089 1543 2130 fuerunt
1584 2088 1770 2130 transla-

361 2162 502 2202 tiones
534 2161 619 2201 nisi
652 2161 762 2210 duae,
800 2160 962 2201 seilicet
995 2158 1288 2215 Septuaginta
1322 2161 1364 2199 et
1400 2157 1691 2212 Hieronyini3
1729 2160 1773 2199 et

362 2229 655 2285 Septuaginta
687 2243 775 2269 non
817 2228 1106 2269 inveniuntur
1141 2227 1187 2268 in
1223 2226 1367 2281 aliquo
1405 2226 1497 2267 1000
1534 2226 1651 2281 apud
1688 2225 1770 2266 La-

361 2299 487 2347 tinos,
534 2299 706 2353 oportet
749 2297 866 2352 quod
906 2296 998 2338 haec
1040 2310 1138 2351 quae
1181 2295 1389 2350 vulgatur
1430 2294 1547 2349 apud
1590 2293 1771 2335 Latinos

362 2364 444 2406 sit-'³
487 2365 764 2419 Hieronymi.
829 2364 915 2405 Sed
957 2379 1055 2405 011111
1098 2363 1403 2418 multipliciter
1445 2363 1491 2402 in
1535 2362 1771 2416 exemplari

363 2433 594 2474 Parisiensi
627 2433 867 2486 depravata
896 2432 964 2481 sit,
1002 2432 1085 2486 [et]
1111 2430 1207 2471 ideo
1235 2444 1323 2470 non
1355 2429 1556 2470 omnibus
1588 2432 1770 2483 apparet

362 2501 478 2556 quod
520 2500 578 2542 sit
621 2498 895 2554 Hieronymi,
931 2497 1134 2553 quamvis
1168 2496 1461 2538 consideranti
1498 2495 1644 2536 omnia
1685 2495 1770 2536 alia

410 2697 622 2740 [stannatum]
673 2696 861 2735 formatum,
910 2694 1030 2736 Hody3
1145 2694 1154 2711 '¹
1171 2693 1266 2724 lzaeret
1281 2693 1341 2735 ihi]
1368 2693 1525 2731 hoeretici‚
1538 2693 1621 2732 MS„
1633 2695 1771 2728 omitted

353 2753 504 2794 sos-mali,
525 2751 599 2783 MS.
1059 2695 1067 2813 1
1100 2747 1145 2789 by
1162 2746 1273 2788 Hody.

410 2807 421 2824 ’-’
437 2805 482 2846 et]
511 2814 576 2835 om.
602 2802 678 2835 MS.
1147 2800 1158 2817 ⁵
1173 2799 1232 2841 sic]
1261 2799 1354 2838 sieut,
1373 2799 1446 2832 MS.

408 2860 419 2877 ³
437 2856 607 2898 Danielis]
635 2855 733 2897 Apol.
753 2855 796 2888 ib.
815 2854 897 2897 §33
1062 2817 1068 2894 1
