1964 3259
119 1080 167 1115 Of
183 1089 307 1117 accent.

351 267 437 308 234
827 280 998 312 ROGERI
1031 280 1225 313 BAcoNIS
1642 274 1756 331 [CAP.

349 392 512 436 Elizaeo
575 396 797 451 propheta,
860 401 912 439 ut
975 398 1147 439 divinas
1209 398 1497 440 revelationes
1556 399 1758 443 devotius

348 463 565 520 suscipiat,
599 468 644 506 et
675 468 795 507 totus
837 466 883 507 in
916 466 1085 509 Deum¹
1121 468 1337 509 efferatur.
1401 467 1460 509 Et
1491 468 1526 510 si
1559 469 1756 511 melicam

347 533 666 576 consideremus
723 535 944 588 musicam,
998 537 1272 578 inveniemus
1329 551 1424 579 eam
1476 552 1553 594 per
1603 553 1756 594 corpus

347 600 585 658 Scripturae
619 603 833 657 diffusam,
877 605 925 646 in
958 605 1124 661 jubilis,
1169 609 1214 648 et
1254 606 1444 662 psalmis,
1479 610 1523 648 et
1564 608 1755 659 canticis,

346 672 391 711 et
441 670 629 727 hymnis,
672 688 761 715 non
813 673 953 716 solum
1001 674 1278 716 sensibilibus
1322 675 1398 718 sed
1440 675 1756 732 spiritualibus,

345 742 396 781 ut
440 739 565 784 docet
609 743 862 799 apostolus3
905 758 1091 800 quorum
1136 744 1331 786 omnium
1379 744 1572 801 cognitio
1614 745 1757 802 Scrip-

344 812 456 852 turae
503 811 793 868 proprietates
846 817 891 855 et
935 813 1203 856 differentias
1252 813 1449 870 requirit,
1502 816 1555 856 ut
1606 829 1757 856 sensus

344 879 592 935 spirituales
643 881 815 938 plenius
866 882 1121 925 habeantur.
1208 882 1296 926 Sed
1347 883 1541 925 maxime
1592 884 1756 925 musica

343 954 538 1003 prosaica
579 950 626 991 in
662 966 744 992 usu
786 951 1022 1008 Scriptura}
1063 952 1314 1008 requiritur,
1356 956 1407 995 ut
1448 953 1532 995 rite
1565 952 1754 1009 profera-

344 1019 418 1058 tur
449 1021 493 1060 et
525 1018 811 1076 intelligatur.

402 1086 475 1128 Ad
505 1102 677 1143 prosam
710 1103 813 1131 vero
844 1089 1038 1146 pertinet
1070 1090 1245 1132 debitus
1276 1091 1431 1133 modus
1465 1091 1754 1134 accentuandi

341 1159 385 1197 et
428 1156 649 1213 aspirandi
693 1158 893 1214 syllabas,
937 1163 981 1201 et
1017 1160 1279 1201 conveniens
1325 1160 1549 1202 distinctio
1592 1161 1751 1202 oratio-

339 1239 447 1267 num
479 1240 556 1282 per
587 1227 690 1278 cola,
714 1231 941 1277 commata,
966 1231 1011 1270 et
1042 1228 1248 1284 periodos.
1317 1229 1376 1271 Et
1397 1229 1477 1271 hoc
1502 1243 1591 1270 non
1612 1229 1753 1271 solum

338 1297 517 1350 propter
538 1295 737 1337 debitum
766 1296 1152 1352 pronuntiationis,
1175 1297 1251 1339 sed
1272 1300 1448 1353 propter
1469 1297 1752 1339 intellectum.

339 1363 455 1405 Nam
478 1365 533 1406 ad
562 1365 718 1407 horum
750 1366 1103 1422 impropietatem
1135 1370 1181 1409 et
1212 1367 1511 1409 confusionem
1542 1368 1655 1423 perit
1686 1367 1752 1408 in—

338 1433 583 1489 telligentia
610 1435 803 1486 literalis,
827 1438 873 1477 et
894 1450 972 1492 per
999 1450 1266 1492 consequens
1294 1436 1545 1492 spiritualis.
1608 1436 1753 1493 Tetigi

337 1506 485 1544 autem
529 1504 675 1559 aliqua
720 1504 774 1546 de
820 1504 888 1546 his
931 1505 978 1547 in
1019 1508 1143 1562 parte
1181 1505 1314 1547 tertia
1351 1505 1533 1561 Majoris
1567 1504 1751 1562 Operis,2

338 1575 515 1628 propter
557 1573 783 1615 scientiam
825 1574 1088 1630 linguarum,
1122 1574 1226 1630 quia
1256 1575 1545 1630 grammatica
1576 1577 1750 1625 tractat,

337 1640 439 1682 licet
470 1641 727 1694 mechanice,
760 1645 812 1683 ut
853 1642 947 1683 dixi
964 1658 974 1694 3
1037 1646 1081 1684 et
1127 1643 1174 1683 in
1205 1645 1328 1698 parte
1361 1647 1518 1698 quarta
1548 1641 1627 1684 1113
1670 1643 1751 1684 hoc

337 1708 429 1751 loco
471 1710 524 1752 de
565 1711 729 1753 musica
773 1709 969 1766 aliquid4
1023 1712 1075 1752 de
1119 1711 1186 1752 his
1233 1712 1479 1754 innuebam.
1548 1711 1642 1753 Nec
1685 1715 1751 1753 est

335 1792 495 1835 magna
546 1780 780 1822 necessitas
830 1780 1101 1836 proponendi
1143 1780 1353 1836 exempla,
1407 1781 1510 1836 quia
1562 1780 1751 1822 infinitae

335 1851 440 1890 sunt
471 1848 702 1891 abusiones
733 1849 815 1901 hic,
838 1864 917 1891 nec
948 1848 1110 1890 alicubi
1141 1849 1188 1890 in
1220 1852 1398 1891 tantum
1420 1852 1600 1891 erratur.
1665 1849 1749 1892 Re-

335 1917 479 1958 media
510 1918 649 1975 igitur
679 1918 819 1975 magis
862 1921 966 1960 sunt
998 1918 1250 1968 necessaria,
1285 1933 1383 1973 quae
1414 1921 1565 1960 tamen
1597 1918 1748 1960 diffici-

334 1985 443 2027 liora
494 1990 609 2039 sunt,
663 1990 844 2044 propter
895 1990 1148 2029 consuetam
1201 1990 1246 2029 et
1292 1987 1524 2043 vulgatam
1575 2002 1751 2044 corrup·

334 2054 511 2108 tionem,
544 2070 675 2112 quam
719 2056 824 2098 dare
876 2059 1039 2098 certam
1082 2055 1377 2112 cognitionem
1418 2056 1548 2098 unius
1589 2057 1749 2098 nobilis

333 2126 378 2165 et
423 2124 625 2182 magnae5
668 2125 872 2167 scientiae.
935 2124 1053 2166 Nam
1100 2139 1191 2166 non
1234 2124 1390 2167 dubito
1429 2125 1537 2180 quin
1579 2125 1749 2167 facilius

333 2197 445 2235 esset
492 2194 595 2236 dare
650 2194 877 2236 scientiam
935 2194 1221 2250 perspectivae
1246 2194 1247 2198 ’
1268 2194 1651 2246 certitudinaliter,
1704 2198 1749 2236 et

332 2262 547 2304 instruere
591 2263 922 2304 multitudinem
967 2263 1013 2303 in
1055 2277 1107 2304 ea
1150 2261 1421 2313 sufficienter,
1456 2277 1553 2318 quae
1596 2265 1747 2305 tamen

332 2334 399 2372 est
443 2346 534 2372 una
579 2332 633 2373 de
677 2331 915 2387 majoribus
959 2331 1163 2381 scientiis,
1210 2335 1256 2374 et
1299 2330 1425 2374 tota⁶
1469 2332 1747 2374 multitudini

332 2398 568 2454 incognita,
621 2414 753 2455 quam
805 2400 955 2442 docere
1007 2414 1068 2450 ea,
1119 2415 1217 2455 quae
1268 2400 1452 2455 requirit
1503 2401 1596 2442 haec
1646 2416 1746 2457 pars

332 2468 518 2520 musicae,
549 2468 651 2510 licet
680 2468 1070 2524 grammaticaliter
1101 2468 1236 2510 simus
1267 2482 1417 2510 omnes
1457 2483 1484 2509 a
1508 2468 1747 2524 juventute

331 2535 537 2579 instructi
568 2536 615 2577 in
646 2536 725 2580 his.
824 2536 911 2579 Sed
942 2537 1062 2593 pejor
1093 2540 1159 2579 est
1190 2536 1442 2593 ignorantia
1476 2536 1627 2579 malae⁷
1659 2538 1744 2580 dis-

376 2744 383 2762 ¹
402 2742 527 2786 Deum]
556 2740 750 2784 Dominum,
767 2741 808 2775 B.
1117 2741 1124 2760 ¹
1141 2740 1283 2784 aliquid]
1309 2740 1430 2784 aliqua,
1448 2741 1488 2775 T.

374 2798 386 2815 2
401 2796 547 2840 Ilffajoris
578 2796 714 2839 Operis]
751 2795 844 2838 Opus
877 2795 997 2837 Majus,
1114 2796 1125 2813 ⁵
1141 2800 1171 2828 et
1185 2795 1326 2838 maqme]
1353 2805 1417 2828 om.
1435 2795 1476 2828 T.

328 2861 359 2893 p.
379 2854 430 2882 53.
1113 2849 1125 2866 ⁰
1142 2849 1226 2891 tota]
1252 2849 1324 2888 toti,
1340 2848 1381 2882 T.

372 2904 384 2922 ³
402 2904 453 2947 in]
481 2909 513 2938 et
528 2904 573 2943 in,
591 2903 630 2936 Τ.
1114 2902 1124 2919 ⁷
1139 2900 1248 2944 malae]
1276 2902 1317 2935 B.
