1964 3259
194 285 318 343 vm]
644 298 950 330 COMPENDIUM
981 298 1146 329 STUDII.
1507 288 1592 328 483

191 427 288 455 mus
319 414 478 457 certius
520 414 566 456 in
596 415 751 458 radice.
815 414 948 457 Pauci
979 415 1095 456 enim
1126 414 1369 470 cogitarent
1405 412 1459 454 de
1490 427 1594 454 vera

192 482 462 538 expositione
510 483 639 525 istius
688 497 838 540 passus
890 485 935 524 et
981 483 1166 524 aliorum
1212 481 1462 532 multorum,
1508 480 1594 521 nisi

194 549 418 593 Andream
447 552 710 608 respicerent
740 551 789 592 in
819 550 900 592 hac
931 554 1066 607 parte.

252 617 473 675 Septimus
519 634 641 661 casus
682 622 860 676 propter
904 619 1083 662 nomina
1128 617 1303 674 propria
1353 615 1592 667 hominum,
1609 625 1683 658 The
1700 626 1768 658 7th.

192 689 236 729 et
276 691 455 744 propter
484 688 697 730 vocabula
727 688 930 740 locorum,
978 690 1022 729 et
1064 690 1241 742 propter
1280 685 1459 728 nomina
1499 685 1592 726 ani-
1608 671 1812 747 3222?ssOE

191 755 382 807 malium,
428 758 472 798 et
521 756 781 812 plantarum,
828 759 873 798 et
915 754 1110 797 omnium
1155 769 1299 796 rerum
1341 769 1439 809 quae
1489 757 1593 795 sunt
1607 759 1748 809 aniinals
1764 759 1800 790 in

192 823 239 864 in
294 823 529 880 Scriptura.
606 824 722 866 Nam
753 838 830 879 per
861 823 1070 865 Latinum
1102 836 1190 863 11011
1221 825 1369 877 potest
1402 821 1590 864 discerni
1608 804 1801 879 {gffffiffier-

192 891 354 932 veritas
398 892 445 932 in
494 905 621 933 sensu
657 894 702 933 et
744 890 1042 947 expositione3
1095 890 1170 933 sed
1215 904 1387 932 necesse
1435 892 1500 931 est
1540 892 1591 931 ut
1607 893 1710 924 stood.

192 972 460 1000 recurramus
503 958 739 1014 saepissime
770 959 827 1000 ad
858 958 1030 1014 linguas
1062 959 1237 1014 priores,
1285 961 1364 1000 aut
1395 972 1485 999 non
1516 971 1592 1013 po-

193 1025 299 1068 terit
318 1026 480 1068 veritas
512 1041 728 1083 apparere.
790 1026 863 1068 Ad
884 1041 1075 1083 praesens
1097 1027 1273 1082 quidem
1305 1026 1405 1068 volo
1427 1040 1589 1082 ponere

192 1093 281 1135 tria
302 1094 514 1151 exempla,
537 1095 594 1137 ad
615 1094 770 1146 minus,
793 1095 840 1135 in
872 1094 1031 1150 quibus
1058 1093 1194 1136 variae
1225 1094 1451 1151 opiniones
1473 1097 1587 1144 sunt,

194 1164 239 1204 et
269 1176 423 1218 graves
469 1162 683 1205 falsitates
715 1165 759 1205 et
801 1162 1004 1204 stultitiae
1047 1176 1229 1218 magnae,
1262 1162 1593 1218 propteiwigno-

194 1231 384 1272 rantiam
417 1230 558 1273 Graeci
587 1230 808 1272 idiomatis
839 1232 884 1272 et
916 1230 1109 1272 Hebraei.
1172 1230 1284 1273 Cum
1318 1244 1422 1272 vero
1465 1229 1594 1271 Levi-

195 1298 273 1340 tici
308 1297 537 1340 undecimo
579 1301 624 1340 et
665 1298 982 1341 Deuteronomi
1015 1300 1172 1354 quarto
1216 1298 1382 1340 decimo
1423 1297 1592 1339 inveni-

195 1367 324 1408 entur
354 1366 562 1408 animah'a
592 1367 757 1408 munda
787 1369 832 1408 et
873 1366 1087 1407 inmunda
1125 1366 1174 1407 in
1216 1366 1321 1422 lege,
1367 1369 1412 1408 et
1454 1379 1591 1407 unum

195 1435 249 1477 de
299 1435 538 1477 immundis
583 1435 838 1477 nominatur
887 1434 951 1476 ibi
1001 1433 1319 1490 olcioeogyrillus)
1372 1434 1593 1476 sciendum
1611 1444 1730 1495 011110-

195 1503 336 1559 primo
367 1503 559 1546 breviter
589 1504 642 1545 de
673 1503 842 1545 ratione
873 1500 1003 1545 vocis.
1068 1503 1148 1544 Est
1180 1507 1328 1544 autem
1359 1502 1407 1543 in
1441 1502 1592 1544 Graeco
1610 1489 1737 1532 gnuus.

195 1576 240 1613 et
275 1572 467 1627 antiquis
509 1571 728 1614 codicibus
761 1571 930 1613 Latinis
978 1571 1171 1626 quinque
1215 1569 1498 1626 syllabarum,
1548 1573 1593 1612 et

195 1640 329 1681 habet
380 1639 431 1682 ch
481 1640 723 1695 aspiratum
754 1639 802 1680 in
832 1638 1057 1695 principio.
1122 1637 1209 1680 Sed
1258 1638 1417 1695 vulgus
1469 1638 1592 1680 theo-

195 1707 392 1764 logorum
442 1706 647 1764 ignorans
690 1706 831 1749 Graeci
872 1707 1082 1748 sermonis
1132 1707 1305 1756 idioma,
1361 1706 1467 1748 dicit
1517 1720 1596 1762 per

195 1776 525 1832 corruptionem,
559 1775 825 1831 cirogrillum
855 1775 903 1816 in
936 1778 1124 1830 quatuor
1145 1774 1332 1829 syllabis.
1377 1774 1595 1826 Quoniam

196 1858 299 1886 vero
346 1844 404 1886 sit
445 1843 620 1894 animal,
656 1843 880 1885 sciendum
926 1843 1041 1899 quod
1078 1842 1258 1884 Hebraei
1288 1842 1336 1883 in
1366 1842 1470 1884 locis
1506 1857 1595 1883 me-

195 1911 376 1954 moratis
417 1915 675 1953 construunt
718 1909 1000 1962 emicalmn,
1046 1914 1090 1952 et
1139 1911 1374 1952 secundum
1424 1910 1596 1952 Graecos

198 1979 469 2036 chirogrillus
505 1982 572 2021 est
604 1979 838 2021 cuniculus.
902 1978 1018 2019 Item
1050 1977 1152 2033 quia
1172 1978 1420 2034 antiquitus
1450 1978 1596 2034 viguit

195 2047 346 2104 lingua
389 2046 541 2089 Graeca
581 2046 627 2088 in
673 2046 822 2088 multis
867 2045 1104 2101 provinciis
1140 2045 1322 2098 Latinis,
1364 2049 1409 2088 et
1444 2046 1596 2102 lingua

198 2118 347 2157 nostra
388 2115 448 2157 sit
488 2114 726 2170 composita
757 2128 812 2155 ex
854 2113 1004 2156 Graeco
1036 2128 1113 2169 pro
1160 2128 1320 2169 magna
1369 2117 1506 2170 parte,
1551 2116 1596 2155 et

198 2182 389 2225 scientiae
420 2183 524 2239 ipsae
555 2182 780 2224 translatae
812 2185 914 2224 sunt
947 2196 1001 2224 ex
1032 2196 1094 2234 eo,
1116 2185 1166 2224 ut
1197 2182 1318 2238 prius
1348 2183 1596 2238 expositum

198 2255 275 2301 est,
298 2251 395 2292 ideo
426 2250 565 2292 multa
597 2251 810 2292 vocabula
839 2251 887 2291 in
918 2250 1100 2292 diversis
1127 2250 1255 2292 terris
1282 2253 1594 2292 remanserunt.

200 2319 332 2362 Unde
359 2319 407 2359 in
432 2318 643 2371 Pictavia,
678 2321 723 2360 et
744 2318 997 2374 Aquitania,
1030 2321 1074 2360 et
1106 2318 1363 2360 Tholosanis
1384 2318 1594 2374 partibus,

198 2387 245 2428 in
277 2386 519 2437 Provincia,
542 2389 687 2428 totum
719 2386 878 2443 vulgus
910 2386 1163 2428 clericorum
1194 2387 1440 2429 cuniculum
1470 2390 1599 2429 vocat

198 2454 504 2511 chirogrillum,
543 2454 645 2497 licet
666 2457 916 2511 corrumpat
956 2455 1203 2510 aliqualiter
1234 2454 1379 2511 ipsum
1410 2455 1597 2497 vocabu-

197 2523 301 2575 lum,
332 2526 384 2564 ut
415 2522 610 2578 przedixi.
684 2523 903 2565 Praeterea
945 2523 1245 2579 Hieronymus
1286 2523 1339 2564 de
1371 2523 1600 2565 Hebraicis

198 2590 450 2632 nominibus
480 2591 528 2632 in
570 2591 794 2633 vocabulis
842 2591 873 2632 J
876 2591 1048 2633 ereniiae
1090 2591 1209 2641 dicit,
1255 2591 1371 2646 quod
1422 2590 1601 2645 saphan

200 2657 439 2700 Hebraeum
473 2659 693 2715 significat
722 2659 924 2715 leporem,
957 2658 1179 2710 hericium,
1213 2673 1289 2700 seu
1319 2657 1599 2709 herinacium,

674 2909 681 2928 ยน
698 2907 914 2951 clairoyrz'lltcs]
935 2907 997 2942 See
1013 2918 1043 2950 p.
1060 2911 1134 2940 354.

1284 2971 1318 3003 H
1339 2972 1373 3003 H
1396 2962 1422 3003 2
