1964 3259
366 296 450 338 506
866 310 1038 342 Rocnm
1070 310 1266 344 BACOle
1658 304 1771 360 [cAP.

360 439 437 480 per
468 425 772 484 diphthongos.
837 429 1150 487 Diphthongus
1182 431 1299 487 apud
1333 431 1505 474 Graecos
1558 435 1623 474 est
1674 448 1773 475 con-

351 492 524 548 junctio
556 496 741 538 duarum
773 499 989 541 vocalium
1027 515 1183 542 sonum
1225 500 1356 542 unius
1399 501 1562 543 vocalis
1609 501 1772 543 haben-

357 563 482 614 tium,
531 565 603 607 vel
646 567 807 609 vocalis
849 583 947 610 cum
985 574 1259 612 consonante.
1344 570 1404 612 Et
1436 571 1589 612 finales
1630 570 1771 613 literae

356 631 403 673 in
435 633 720 692 diphthongis
753 636 1002 679 Graecorum
1045 643 1148 681 sunt
1179 639 1275 681 iota
1322 643 1366 681 et
1397 639 1556 695 ypsilo.
1619 639 1772 689 Potest

355 700 493 757 igitur
524 703 673 759 ypsilo
715 707 920 763 consequi
965 706 1107 763 alpha
1151 707 1211 750 sic
1259 708 1363 765 [αυ],
1410 712 1454 750 et
1497 713 1603 750 tunc
1644 712 1771 750 sonat

355 775 570 826 quantum
614 788 644 816 α
687 790 785 817 cum
823 790 851 817 v
888 780 1177 829 consonante3
1225 777 1301 833 qui
1345 791 1476 819 sonus
1518 777 1769 833 aliquantu-

353 839 446 881 lum
489 841 642 883 similis
684 848 750 886 est
794 859 897 887 sono
942 845 1079 901 ipsius
1112 860 1142 887 α
1173 861 1271 888 cum
1293 845 1328 901 f
1342 863 1351 898 3
1400 850 1444 888 et
1488 846 1586 888 ideo
1618 846 1769 902 vulga-

352 908 460 951 riter
491 912 862 968 exemplificamus
895 915 1011 969 quod
1056 918 1183 956 sonat
1230 914 1287 970 af
1353 915 1436 956 Vel
1483 919 1630 971 potest
1666 930 1766 956 con-

352 978 474 1033 sequi
505 993 525 1021 c
557 980 617 1022 sic
653 980 747 1037 [ευ],
781 985 826 1024 et
857 986 963 1025 tunc
995 987 1122 1025 sonat
1153 988 1367 1039 quantum
1401 998 1420 1025 c
1462 984 1624 1026 vocalis
1666 999 1763 1025 cum

350 1061 378 1088 v
409 1053 683 1099 consonante,
733 1054 777 1092 et
821 1052 945 1106 quasi
984 1052 1034 1108 ef,
1069 1055 1120 1093 ut
1165 1056 1229 1094 est
1261 1052 1427 1095 dictum
1460 1053 1513 1095 de
1545 1052 1687 1108 alpha
1720 1055 1765 1094 et

349 1116 508 1172 ypsilo.
573 1118 666 1171 Vel,
710 1123 856 1175 potest
888 1120 974 1162 dici
1006 1121 1209 1176 consequi
1240 1120 1310 1163 ita
1342 1122 1402 1163 sic
1438 1123 1526 1178 [ιυ],
1561 1126 1605 1163 et
1637 1125 1764 1163 sonat

350 1185 474 1240 quasi
505 1185 557 1242 ff>
591 1191 643 1229 ut
676 1188 843 1230 dictum
881 1192 947 1231 est
991 1189 1044 1231 de
1088 1190 1212 1240 aliis;
1259 1190 1331 1231 vel
1377 1189 1524 1246 ypsilo
1567 1190 1764 1246 sequitur

348 1258 448 1310 post
480 1255 698 1309 omicron,
733 1261 777 1299 et
808 1261 914 1299 tunc
946 1261 1072 1300 sonat
1104 1272 1138 1299 u
1170 1259 1375 1300 vocalem.
1439 1258 1499 1300 Et
1531 1258 1591 1301 sic
1623 1259 1762 1300 solum

348 1322 514 1366 habent
547 1324 688 1368 Graeci
719 1341 874 1368 sonum
907 1342 941 1369 u
970 1327 1142 1369 vocalis.
1207 1327 1255 1369 Si
1286 1341 1390 1369 vero
1428 1327 1523 1370 (iota
1565 1328 1764 1383 sequitur

347 1392 499 1449 alpha,
546 1394 606 1436 sic
654 1394 745 1450 [αι],
790 1398 898 1437 tunc
942 1399 1070 1438 sonat
1103 1411 1150 1449 63
1195 1396 1231 1438 si
1276 1411 1307 1446 e,
1357 1396 1470 1438 sicut
1510 1395 1609 1453 [αε],
1656 1400 1763 1439 tunc

348 1465 478 1503 sonat
509 1461 530 1504 i
560 1478 637 1519 per
687 1464 809 1516 iota;
861 1464 898 1506 si
940 1479 975 1516 o,
1025 1465 1138 1507 sicut
1185 1465 1286 1520 [αο],
1335 1468 1442 1506 tunc
1490 1468 1619 1507 sonat
1665 1465 1761 1508 iota

344 1545 423 1586 pro
470 1531 628 1587 ypsz‘lo.
692 1532 753 1574 Et
798 1532 845 1574 hi
890 1537 986 1575 octo
1030 1533 1293 1590 diphthongi
1331 1537 1548 1576 vocantur
1578 1534 1757 1591 proprii.

344 1599 432 1641 Sed
474 1601 549 1641 alii
592 1604 681 1643 tres
729 1601 938 1644 dicuntur
987 1602 1225 1659 improprii,
1267 1606 1311 1645 et
1363 1604 1479 1645 fiunt
1530 1618 1607 1660 per
1659 1604 1759 1645 sub-

345 1668 626 1725 scriptionem
689 1670 821 1726 hujus
888 1671 1029 1714 literae
1093 1671 1189 1714 iota
1254 1675 1299 1713 et
1365 1671 1517 1727 calpha,
1582 1671 1651 1714 ita,
1715 1676 1759 1715 et

344 1754 373 1777 ω
403 1752 533 1793 ‘messa
585 1738 644 1781 sic
699 1739 757 1794 [ᾳ,
792 1757 823 1795 ῃ,
858 1740 934 1795 ῳ,].
1018 1740 1270 1795 Aliquando
1323 1741 1506 1797 ponitur
1561 1741 1658 1784 iota
1709 1742 1757 1783 in

342 1805 472 1849 litera
514 1811 614 1864 post
658 1808 834 1850 literam
879 1809 994 1851 sicut
1038 1809 1085 1850 in
1116 1809 1216 1851 aliis
1249 1809 1535 1866 diphthongis
1567 1810 1627 1852 sic
1672 1842 1682 1852 .

649 1876 736 1919 Sed
768 1877 816 1918 in
847 1877 945 1920 istis
976 1892 1107 1920 sonus
1138 1893 1366 1934 nunquam
1397 1883 1647 1930 renovatur,
1683 1880 1757 1922 sed

342 1950 539 1988 remanet
570 1961 703 1988 sonus
741 1946 882 1989 literae
924 1947 1189 2003 principalis,
1224 1948 1387 1990 scilicet
1420 1948 1514 2004 ejus
1550 1948 1621 1990 cui
1655 1949 1756 1990 sub-

340 2015 548 2057 scribitur
590 2014 695 2058 dcta.
758 2015 875 2058 Nam
908 2017 1083 2073 quando
1116 2017 1406 2059 subscribitur
1437 2017 1477 2059 ei
1523 2017 1641 2073 quod
1691 2021 1756 2060 est

340 2083 492 2140 alpha,
537 2088 720 2127 sonatur
801 2119 809 2128 .
874 2119 881 2127 .
946 2119 952 2127 ,
1017 2119 1024 2127 .
1113 2102 1123 2136 ;
1175 2086 1351 2141 quando
1398 2100 1502 2128 vero
1556 2086 1596 2128 ei
1637 2087 1755 2142 quod

340 2157 407 2194 est
437 2152 520 2206 ita,
566 2188 574 2196 .
629 2189 635 2196 .
701 2189 707 2195 .
771 2189 778 2196 .
842 2188 849 2196 .
903 2155 1079 2211 quando
1110 2169 1214 2197 vero
1247 2155 1286 2197 ei
1318 2155 1434 2211 quod
1467 2158 1533 2197 est
1565 2173 1593 2196 ω
1626 2170 1754 2211 σῆῑρῃα

338 2226 520 2264 sonatur
581 2224 721 2265 solum
773 2237 936 2278 emessa.
1021 2223 1080 2265 Et
1131 2215 1227 2265 his
1261 2224 1404 2266 tribus
1467 2224 1754 2281 diphthongis

338 2295 530 2333 utuntur
564 2291 705 2334 Graeci
737 2307 906 2349 semper
943 2292 990 2333 in
1023 2292 1176 2334 dativo
1219 2307 1320 2334 casu
1362 2293 1517 2349 primae
1565 2293 1753 2335 declina-

338 2359 473 2401 tionis
504 2363 550 2402 et
581 2361 791 2403 secundae.
856 2361 1092 2403 Sciendum
1125 2364 1192 2403 est
1224 2376 1396 2417 quoque
1428 2362 1543 2418 quod
1573 2361 1667 2404 iota
1709 2365 1753 2404 et

337 2428 485 2484 ypsilo
546 2430 783 2484 aliquando
846 2429 1078 2485 conjuncta
1139 2430 1366 2472 vocalibus
1431 2445 1521 2472 non
1582 2430 1751 2472 faciunt

337 2497 672 2554 diphthongum,
697 2497 773 2540 sed
794 2501 982 2553 utraque
1004 2498 1168 2540 vocalis
1189 2498 1353 2540 retinet
1374 2513 1501 2540 suum
1523 2499 1749 2555 proprium

336 2580 501 2608 sonum.
565 2567 625 2609 Et
668 2567 724 2608 ad
774 2566 855 2608 hoc
896 2566 1141 2608 notandum
1184 2570 1410 2623 ponuntur
1456 2567 1542 2609 duo
1585 2572 1748 2624 puncta

335 2650 464 2693 super
493 2635 591 2679 iota
622 2638 667 2678 et
697 2634 857 2692 ypsilo,
902 2635 961 2677 sic
1009 2635 1073 2691 [σ’ἰ,
1109 2636 1182 2692 οϋ].
1246 2635 1431 2688 Quando
1474 2650 1580 2679 vero
1621 2637 1747 2693 diph-

333 2705 525 2762 thongus
567 2707 634 2747 est
674 2719 764 2747 non
805 2708 1033 2761 ponuntur
1076 2708 1249 2761 puncta.
1325 2705 1546 2748 Caeterum
1589 2709 1748 2748 notan-

334 2773 439 2815 dum
478 2773 593 2830 quod
625 2788 759 2830 quum
781 2777 880 2830 post
913 2773 1235 2830 diphthongum
1269 2789 1324 2816 ex
1355 2774 1497 2831 alpha
1518 2777 1562 2817 et
1583 2774 1745 2832 mosao,

333 2842 405 2884 vel
436 2857 492 2884 ex
521 2841 591 2885 sim
620 2846 665 2885 et
696 2842 845 2900 ypsilo
868 2843 1066 2899 sequitur
1095 2843 1258 2886 vocalis
1289 2843 1606 2900 syllabicantur
1637 2859 1675 2895 α,
1700 2847 1746 2886 et

334 2925 363 2963 e,
397 2915 441 2954 et
473 2912 541 2955 im
572 2927 649 2969 per
681 2926 736 2966 se,
769 2915 822 2954 ut
896 2944 906 2956 0
972 2946 981 2955 .
1045 2938 1054 2956 4
1115 2947 1124 2964 ,
1159 2916 1203 2955 et
1234 2927 1364 2955 sonus
1395 2927 1421 2955 v
1454 2913 1743 2965 consonantis,
