1964 3259
353 268 406 308 56
875 273 1045 306 11000111
1079 271 1275 303 11110οΝ10
1646 259 1761 315 [CAP.

130 402 251 451 Bacon·
262 400 328 432 had
356 392 613 449 Republica¹
686 391 841 448 optimi
895 404 1111 445 nusquam
1164 385 1462 435 inveniuntur,
1514 384 1630 440 quod
1684 399 1762 440 ego

131 447 293 522 ἓὲρῖἳέᾗ
363 461 550 518 possins-²
588 460 751 510 audire,
786 474 884 502 cum
921 462 1071 500 tamen
1109 455 1319 498 sollicitus
1361 453 1425 495 fui
1469 467 1660 508 quaerere
1691 467 1767 509 per

134 534 318 591 sgarehfor
358 531 552 572 diversas
602 532 750 586 partes
802 526 971 578 mundi,
1017 529 1062 567 et
1120 539 1197 581 per
1248 523 1443 565 diversos
1494 521 1764 564 mediatores.

136 581 340 665 Ἑὲοἶέζῖαι]
361 598 575 642 Similiter
615 597 745 639 multi
787 596 863 638 alii
904 594 1007 637 libri
1050 592 1153 649 ejus.
1232 591 1385 633 Libros
1426 604 1531 632 vero
1574 589 1763 641 Senecae,

139 667 212 699 lica,
361 682 545 724 quorum
586 666 714 708 fiores
746 668 905 707 vestrae
946 661 1216 705 beatitudini
1258 658 1502 715 conscripsi,
1538 672 1766 713 nunquam

361 736 487 792 potui
521 735 729 783 invenire,
763 733 851 775 nisi
885 747 911 774 a
943 735 1140 787 tempore
1174 728 1373 771 mandati
1393 726 1541 779 vestri,
1565 726 1767 782 quamvis

362 804 549 860 diligens
573 802 637 845 fui
670 802 717 843 in
748 801 828 843 hac
859 803 984 856 parte
1012 799 1106 855 jam
1141 813 1167 839 a
1198 796 1363 853 viginti
1396 795 1524 838 annis
1558 798 1603 837 et
1632 793 1767 851 pluri-

362 872 458 914 bus.
525 872 584 913 Et
616 871 674 912 sic
712 868 800 911 est3
834 869 887 911 (10
908 867 1061 910 multis
1083 866 1181 908 aliis
1208 864 1454 907 utilissimis
1488 863 1612 905 libris
1643 862 1770 904 istius

366 939 558 982 scientiae
612 938 783 980 nobilis,
845 934 1102 978 Paucissimi
1156 933 1289 976 etiam
1340 935 1444 974 sunt
1496 931 1572 987 qui
1627 930 1772 973 sciunt

366 1006 614 1063 hujusmodi
649 1006 797 1057 libros,
831 1019 910 1047 nec
952 1006 1056 1045 sunt
1088 1001 1315 1044 exercitati
1357 1000 1457 1052 hic3
1493 1014 1571 1042 nec
1611 999 1772 1041 scirent

368 1091 423 1117 ex
459 1074 634 1116 infinita
664 1072 952 1114 multitudine
993 1071 1193 1127 colligere
1236 1083 1334 1124 quae
1375 1067 1615 1109 necessaria
1656 1070 1771 1116 sunt,

368 1147 413 1186 et
445 1143 623 1185 collecta
655 1141 862 1183 ordinare.
927 1140 986 1181 Et
1018 1138 1083 1180 illi
1115 1140 1219 1179 sunt
1250 1136 1449 1178 homines
1485 1135 1694 1187 valentes,
1729 1137 1774 1177 et

369 1226 501 1262 senes,
546 1214 591 1252 et
638 1209 786 1266 magni
829 1208 924 1258 viri,
976 1207 1052 1263 qui
1108 1206 1198 1247 sine
1240 1204 1408 1261 magnis
1450 1203 1649 1260 expensis
1686 1217 1775 1244 non

369 1280 562 1322 redirent
607 1278 664 1319 ad
706 1277 914 1326 studium,
962 1275 1038 1317 sed
1092 1274 1322 1330 quiescunt
1363 1272 1409 1314 in
1451 1272 1555 1314 locis
1598 1271 1686 1314 suis
1728 1271 1775 1312 in

370 1362 472 1405 pace
505 1362 601 1390 cum
634 1345 921 1388 delectatione
954 1343 1081 1385 istius
1113 1341 1338 1398 sapientiae
1370 1340 1524 1382 finalis.

943 1560 1047 1602 UAP.
1083 1559 1208 1600 XVI.

149 1704 319 1736 ‹ibstacles
433 1695 717 1736 ENUMERAVI
744 1693 838 1748 jam
870 1692 1041 1748 linguas
1079 1694 1124 1732 et
1155 1689 1358 1732 scientias
1390 1703 1487 1744 quae
1520 1690 1779 1745 ignorantur

148 1749 311 1825 ffisslffiw
373 1779 399 1805 a
439 1764 571 1819 vulgo
609 1762 894 1811 studentium,
940 1764 984 1802 et
1018 1774 1114 1815 quae
1152 1758 1318 1800 faciunt
1349 1757 1446 1799 sciri
1479 1772 1627 1799 omnes
1659 1758 1776 1807 alias,

149 1843 240 1887 ment
256 1836 294 1868 of
374 1835 418 1873 et
450 1831 542 1873 sine
575 1831 734 1886 quibus
765 1829 877 1871 nihil
909 1831 1054 1884 potest
1084 1826 1296 1868 veraciter
1327 1825 1552 1881 cognosci:
1599 1829 1643 1867 et
1673 1826 1777 1867 rcci-

148 1881 355 1966 lffiglgffig'ssy'
374 1900 469 1941 tavi
502 1899 590 1940 diffl
598 1899 805 1940 cultatem
838 1896 1028 1938 habendi
1072 1895 1188 1943 istas,
1221 1897 1317 1936 tum
1349 1897 1525 1950 propter
1555 1893 1780 1934 raritatem

151 1971 254 2020 hand,
374 1982 655 2024 personarum
699 1980 796 2021 quae
839 1965 982 2007 sciunt
1024 1963 1078 2005 (10
1110 1963 1188 2012 his,
1222 1966 1317 2003 tum
1350 1965 1526 2018 propter
1557 1962 1782 2003 raritatem

151 2015 323 2090 {ffiffiffigsst’
375 2036 596 2087 librorum,
631 2039 725 2076 tum
772 2037 949 2090 propter
985 2046 1197 2087 expensas
1229 2030 1374 2071 varias
1411 2030 1457 2071 in
1499 2030 1703 2086 personis,
1736 2030 1783 2071 in

151 2103 207 2153 the
224 2102 278 2133 aid
294 2101 360 2176 Ofd
376 2105 511 2154 libris,
534 2104 580 2144 in
612 2101 927 2151 instrumentis,
960 2100 1005 2141 in
1038 2099 1213 2150 tabulis,
1247 2099 1293 2139 in
1326 2097 1527 2154 operibus
1558 2098 1784 2154 sapientiae

151 2155 335 2233 {Krigtegsan
377 2172 558 2229 magnis
594 2171 640 2212 in
688 2168 969 2226 experientiis
1018 2167 1202 2209 secretis,
1266 2166 1326 2207 Et
1367 2166 1463 2207 ideo
1505 2169 1629 2222 patet
1669 2167 1786 2221 quod

378 2240 541 2296 scripta
581 2237 840 2295 principalia
886 2236 938 2277 de
982 2234 1196 2290 sapientia
1237 2233 1520 2290 philosophiae
1560 2247 1649 2274 non
1690 2248 1785 2289 pos-

380 2311 483 2349 sunt
514 2307 609 2348 fieri
642 2306 697 2347 ab
730 2319 818 2346 uno
856 2303 1032 2345 homine
1075 2317 1153 2343 nec
1194 2316 1220 2343 a
1260 2301 1470 2357 pluribus,
1503 2300 1587 2341 nisi
1630 2315 1786 2342 manus

380 2375 662 2431 praelatorum
695 2377 739 2414 et
770 2372 1015 2428 principum
1047 2367 1208 2425 juvent
1247 2369 1462 2424 sapientes
1500 2382 1597 2410 cum
1628 2384 1786 2425 magna

159 2452 256 2501 Neofl
273 2450 342 2500 qfa
383 2443 557 2485 virtute.
635 2440 767 2482 Unde
801 2442 973 2494 oportet
1004 2438 1121 2493 quod
1152 2437 1231 2478 fiat
1262 2437 1474 2492 scriptura
1505 2437 1785 2491 praeambula,

159 2497 307 2537 prelum·
382 2511 428 2551 in
461 2524 548 2565 qua
579 2510 820 2563 tangantur
843 2506 1004 2556 omnia,
1026 2519 1123 2559 quae
1145 2504 1385 2546 necessaria
1406 2507 1509 2545 sunt
1540 2504 1596 2545 ad
1627 2505 1788 2560 scripta

159 2550 220 2572 nar
254 2538 363 2570 work:

221 2551 243 2582 y
381 2575 648 2635 principalia,
672 2577 716 2616 et
747 2577 798 2615 ut
829 2573 1020 2615 sciantur
1050 2572 1371 2627 impedimenta.
1425 2571 1484 2613 Et
1515 2575 1674 2627 praeter
1693 2572 1786 2628 jam

432 2816 514 2848 ‘De
531 2813 731 2857 Republica]
759 2823 823 2845 om.
849 2812 888 2844 T.
1167 2806 1178 2823 ³
1195 2804 1256 2846 cst]
1284 2814 1346 2836 om.
1373 2805 1412 2836 T.

430 2872 441 2888 2
453 2869 592 2912 possim]
619 2877 763 2910 possum,
789 2866 829 2898 T.
