1964 3259
127 401 297 434 Removed

124 446 211 477 from
227 457 308 487 pure

128 492 333 531 speculation

125 545 168 566 on
185 536 240 567 the
257 547 319 568 one

124 579 223 618 hand,
240 582 305 612 and

124 634 215 656 mere
231 625 335 666 empi-

124 668 238 700 ricism
255 680 298 701 on

125 713 182 745 the
198 714 302 747 other.

129 1898 329 1932 Commends

127 1953 147 1974 a
162 1948 255 1984 great
275 1954 334 1974 ex-

127 1988 324 2029 perimenta-

128 2033 183 2063 list
198 2032 232 2063 in
249 2032 301 2063 his

128 2078 211 2118 days
232 2089 239 2108 :

128 2121 227 2152 Peter
242 2122 283 2152 de

129 2165 289 2196 Maharn-

129 2209 230 2242 curia.

353 266 409 306 46
845 274 1014 306 110οΕ111
1046 273 1240 307 BAcoms
1639 265 1754 321 [CAP.

411 392 472 434 Et
503 392 596 435 hoec
627 391 808 434 scientia
841 391 1052 434 certificat
1084 390 1231 433 omnia
1272 389 1493 431 naturalia
1533 391 1579 431 et
1619 389 1756 431 artifi-

351 461 478 502 cialia
508 461 556 502 in
583 461 836 517 particulari
865 464 910 502 et
940 460 989 501 in
1010 459 1186 516 propria
1217 458 1457 515 disciplina,
1480 471 1558 514 per
1589 457 1757 513 experi-

352 531 516 572 entiam
548 529 808 586 perfectam3
839 543 930 571 non
955 543 1032 584 per
1062 531 1329 585 argumenta,
1354 529 1406 568 ut
1437 526 1631 568 scientiae
1652 540 1759 581 pure

352 599 639 654 speculativae,
684 612 764 640 nec
804 612 882 654 per
925 597 1088 639 debiles
1131 600 1176 639 et
1216 596 1493 653 imperfectas
1535 594 1758 651 experien-

351 668 446 720 tias,
489 670 541 709 ut
582 667 774 709 scientiae
807 666 1054 722 operativae.
1119 666 1178 707 Et
1220 665 1318 707 ideo
1360 665 1453 707 heec
1484 667 1552 705 est
1583 663 1760 704 domina

352 736 547 778 omnium
579 735 860 778 scientiarum
891 733 1243 791 praecedentium,
1278 736 1323 775 et
1361 733 1462 774 finis
1493 732 1633 774 totius
1664 745 1758 787 spe-

352 805 590 846 culationis.
655 804 744 846 Sed
784 807 909 860 patet
954 803 1070 859 quod
1113 803 1266 844 multae
1298 815 1501 857 expensae
1530 800 1758 856 requirun-

351 877 424 915 tur
455 874 502 914 in
544 873 748 929 operibus
788 872 918 914 istius
958 871 1164 923 scientiae,
1208 871 1256 912 in
1298 870 1457 926 quibus
1498 868 1760 910 Aristoteles

351 957 547 998 magnus,
580 941 842 984 auctoritate
873 940 1131 990 Alexandri,
1155 942 1316 995 praeter
1347 953 1418 980 eos
1450 937 1608 993 quibus
1640 936 1759 979 domi

350 1025 454 1051 usus
499 1013 565 1052 est
607 1010 656 1050 in
703 1008 985 1064 experientia,
1033 1008 1157 1049 misit
1203 1007 1393 1063 plurima
1438 1006 1578 1047 millia
1620 1005 1759 1047 homi-

350 1093 458 1120 num
503 1093 582 1134 per
623 1077 839 1119 mundum
891 1076 947 1118 ad
995 1075 1313 1131 experiendum
1369 1088 1514 1115 rerum
1563 1074 1758 1115 omnium

350 1150 530 1189 naturas
572 1149 617 1188 et
663 1146 963 1202 proprietates,
1007 1145 1122 1186 sicut
1164 1143 1333 1185 Plinius
1394 1142 1502 1184 dicit
1543 1140 1756 1198 septimol

351 1216 649 1266 Naturalium,
698 1218 741 1256 et
787 1213 863 1256 alii
908 1212 1180 1256 confirmant.
1244 1212 1304 1253 Et
1355 1213 1472 1253 certe
1516 1209 1760 1252 combustio

349 1284 397 1325 in
428 1284 545 1326 omni
579 1283 801 1333 distantia,
827 1297 914 1338 qua
946 1281 1224 1333 voluerimus,
1248 1282 1468 1322 constaret
1497 1279 1596 1335 plus
1627 1292 1759 1334 quam

350 1353 468 1394 mille
501 1366 668 1394 marcas
710 1354 948 1406 antequam
990 1350 1163 1406 specula
1204 1348 1465 1390 sufficientia
1505 1348 1661 1388 fierent
1702 1346 1759 1388 ad

350 1422 456 1473 l1oc;
509 1421 584 1463 sed
625 1420 823 1462 valerent
866 1419 964 1475 plus
1017 1433 1149 1475 quam
1195 1432 1308 1459 unus
1349 1415 1566 1459 exercitus
1608 1418 1760 1457 contra

350 1491 556 1531 Tartaros
604 1492 648 1530 et
696 1488 942 1530 Saracenos.
1037 1487 1156 1527 Nam
1207 1500 1381 1528 omnem
1428 1483 1670 1527 exercitum
1715 1486 1759 1525 et

350 1561 543 1599 castrum
604 1556 872 1599 contrarium
924 1558 1071 1611 posset
1120 1555 1490 1610 experimentator
1547 1551 1760 1609 perfectus

352 1627 573 1668 destruere
604 1640 681 1681 per
712 1624 962 1680 hujusmodi
994 1623 1341 1664 combustionem
1378 1622 1435 1664 ad
1466 1622 1578 1663 solos
1614 1621 1759 1662 radios

352 1696 523 1747 solares,
547 1693 641 1735 sine
683 1693 767 1734 alio
806 1692 918 1748 igne.
982 1691 1098 1732 Mira
1135 1705 1202 1732 res
1235 1694 1300 1732 est
1338 1689 1463 1741 haec,2
1501 1689 1577 1731 sed
1615 1688 1757 1730 multa

352 1763 438 1804 alia
480 1765 584 1804 sunt
626 1760 894 1802 mirabiliora
938 1759 986 1800 in
1029 1759 1109 1800 hac
1155 1758 1366 1809 scientia3
1419 1761 1464 1799 et
1509 1756 1759 1813 paucissimi

351 1834 455 1873 sunt
487 1829 626 1872 dediti
657 1829 759 1870 huic
780 1828 973 1870 scientia}
1000 1830 1178 1883 propter
1209 1826 1426 1868 defectum
1459 1839 1757 1881 expensarum.

353 1899 455 1941 Non
501 1898 618 1940 enim
670 1911 878 1953 cognosco
929 1896 1014 1936 nisi
1057 1910 1206 1945 unum,
1261 1895 1337 1950 qui
1388 1894 1564 1936 laudem
1614 1897 1759 1951 potest

352 1969 511 2010 habere
557 1967 603 2008 in
654 1965 858 2022 operibus
908 1963 1041 2019 hujus
1084 1963 1308 2014 scientiae3
1374 1977 1478 2004 nam
1527 1962 1619 2018 ipse
1669 1976 1760 2004 non

353 2040 477 2079 curat
520 2036 573 2077 de
618 2034 889 2076 sermonibus
936 2036 981 2074 et
1025 2032 1186 2089 pugnis
1219 2031 1465 2083 verborum,
1499 2031 1575 2073 sed
1616 2045 1758 2087 perse-

353 2106 503 2162 quitur
550 2118 680 2160 opera
727 2102 965 2158 sapientiae,
1000 2105 1044 2143 et
1088 2101 1135 2141 in
1178 2100 1265 2141 illis
1297 2098 1509 2155 quiescit-‘⁵
1570 2099 1630 2141 Et
1660 2099 1759 2141 ideo

355 2174 471 2230 quod
515 2173 590 2214 alii
632 2171 909 2213 caecutientes
951 2169 1157 2210 nituntur
1202 2168 1364 2219 videre,
1411 2171 1463 2209 ut
1509 2167 1759 2223 vespertilio

353 2243 493 2284 lucem
530 2240 631 2283 solis
668 2240 716 2281 in
756 2237 1016 2294 crepusculo,
1070 2237 1162 2292 ipse
1202 2236 1250 2277 in
1287 2235 1416 2291 pleno
1454 2234 1623 2291 fulgore
1661 2249 1761 2276 con-

352 2310 602 2366 templatur,
635 2311 812 2364 propter
857 2307 938 2348 1100
974 2305 1091 2360 quod
1134 2307 1200 2346 est
1246 2303 1448 2345 dominus
1489 2302 1758 2358 experimen-

352 2381 525 2429 torum3
585 2379 630 2418 et
672 2376 770 2417 ideo
822 2375 903 2416 scit
948 2372 1171 2415 naturalia
1213 2386 1290 2427 per
1336 2370 1663 2427 experientiam,
1712 2373 1757 2412 et

353 2445 639 2495 medicinalia,
693 2447 737 2485 et
787 2441 1064 2491 alkimistica‚
1116 2442 1161 2481 et
1220 2439 1367 2480 omnia
1416 2441 1509 2480 tam
1570 2437 1759 2480 coelestia

355 2529 487 2570 quam
518 2512 752 2562 inferiora3
795 2510 930 2551 immo
971 2508 1289 2551 verecundatur
1304 2507 1320 2530 4
1356 2507 1393 2548 si
1423 2506 1581 2562 aliquis
1611 2506 1757 2558 laicus,

387 2777 394 2795 ¹
413 2775 571 2818 septima]
600 2774 677 2806 Nat.
694 2772 782 2805 Hist.
798 2771 867 2805 viii.
888 2773 938 2804 17.
957 2770 976 2813 ξ
993 2774 1023 2802 3.
1070 2774 1121 2802 tro
1147 2769 1247 2801 Petro
1274 2769 1314 2800 de
1339 2767 1503 2800 Maharne
1525 2765 1635 2800 Curia.
1660 2768 1700 2801 B.
1722 2768 1756 2801 in

386 2830 398 2849 2
414 2828 497 2870 lzcz‘c]
524 2829 595 2860 hoec
619 2827 691 2867 ista,
713 2827 753 2858 B.
1071 2832 1176 2864 marg.

387 2884 398 2902 ³
414 2881 576 2924 quiescit]
605 2880 799 2913 Notandum
822 2879 863 2911 de
900 2876 1024 2919 magis·
1116 2876 1126 2894 4
1143 2873 1394 2916 verecundatur]
1420 2874 1695 2914 verecundantur,
1717 2874 1761 2907 B.
