1964 3259
319 272 402 313 556
859 281 1096 313 APPENDIX
1131 284 1175 313 11.

316 402 388 441 tus
410 398 567 440 liberos
605 398 787 449 divinet,
812 399 857 440 id
895 403 972 441 aut
1010 399 1114 449 Deo,
1141 400 1215 454 qui
1238 413 1314 456 per
1346 414 1391 441 os
1412 401 1720 457 prophetarum

316 466 520 522 loquitur,
571 471 649 508 aut
681 467 881 517 daemoni,
924 467 998 522 qui
1041 482 1095 509 cx
1138 483 1210 509 ore
1253 468 1541 509 Nebulonum
1574 484 1723 511 vocem

317 534 494 585 emittit,
529 538 754 591 acceptum
788 539 853 576 est
895 535 1181 577 referendum.
1246 536 1318 577 Sic
1355 551 1453 577 cum
1496 538 1725 594 astrologis

310 603 423 658 gerit
453 618 497 644 se
520 603 703 654 daemon,
738 617 834 644 cum
867 603 1126 644 furibundas
1157 603 1464 659 praedictiones
1498 604 1720 647 emittunt.

372 671 407 711 F
413 674 638 712 uturorum
681 686 819 713 causae
851 675 954 712 sunt
1001 671 1098 713 aliae
1131 672 1363 723 naturales,
1409 687 1506 727 qua}
1551 676 1602 714 ut
1646 689 1720 715 ne-

313 740 505 789 cessario,
550 739 613 781 ita
664 742 874 795 perpetuo
927 743 1074 796 agunt.
1140 739 1258 782 Hinc
1303 755 1400 795 quae
1445 740 1647 782 oriuntur
1678 742 1724 783 in

313 807 440 858 ecelis,
484 807 549 848 ita
581 808 801 858 eveniunt,
837 812 888 849 ut
923 808 1096 849 evenire
1128 822 1216 849 non
1254 809 1449 864 possint:
1483 809 1724 864 cujusmodi

312 879 416 916 sunt
468 875 692 917 conversio
735 876 954 925 coelorum,
989 876 1264 931 planetarum
1308 880 1429 917 ortus
1478 877 1722 932 obitusque,

312 943 412 984 solis
445 958 493 985 ac
526 944 641 986 lunae
689 944 870 999 eclipsiS,
904 944 1035 999 idque
1077 959 1213 1000 genus
1256 944 1406 994 multa,
1452 959 1560 1000 quaa,
1595 946 1723 987 statis

311 1011 592 1066 temporibus,
635 1012 682 1052 in
714 1012 833 1053 coelis
865 1015 1087 1066 apparent.
1152 1012 1261 1054 Haec
1298 1027 1424 1068 porro
1458 1013 1620 1054 cadunt
1652 1013 1722 1063 sic,

311 1082 362 1120 ut
394 1082 510 1120 certo
555 1079 802 1135 praedicunt
845 1079 1095 1121 astronomi.
1160 1079 1276 1121 Sunt
1314 1081 1410 1122 aliae
1459 1095 1597 1123 causae
1626 1096 1722 1137 quae

311 1148 549 1189 necessario
591 1147 693 1188 licet
725 1162 773 1189 ac
810 1150 1019 1203 perpetuo
1054 1161 1141 1188 non
1175 1150 1318 1203 agant,
1366 1162 1540 1203 perraro
1573 1153 1722 1190 tamen

311 1215 534 1257 deficiunt.
601 1215 773 1257 Harum
807 1230 1032 1257 causarum
1076 1215 1255 1257 effectus
1288 1219 1392 1256 sunt
1445 1220 1553 1271 puta
1594 1216 1721 1258 vicis-

310 1284 524 1325 situdines
576 1287 833 1339 temporum,
881 1283 1173 1333 salubritates,
1223 1283 1497 1338 pestilenti-Le,
1545 1284 1720 1339 pluviae,

310 1354 537 1406 siccitates,
571 1355 804 1404 eluviones,
854 1354 1098 1396 belluarum
1144 1354 1385 1410 repentina}
1438 1358 1611 1406 mortes,
1645 1355 1720 1397 ho-

310 1422 479 1464 minum
520 1438 676 1479 graves
726 1423 927 1478 levesque
974 1423 1128 1472 morbi,
1170 1422 1393 1464 diuturna}
1425 1422 1718 1479 aegritudines,

311 1506 495 1546 quarum
537 1491 659 1547 signa
709 1506 763 1533 ex
801 1491 864 1540 iis,
910 1505 1006 1546 quae
1038 1505 1135 1532 cum
1168 1491 1215 1531 in
1247 1491 1379 1543 coelis,
1426 1494 1519 1532 tum
1552 1491 1599 1531 in
1622 1495 1721 1533 aere

311 1560 435 1609 fiunt,
482 1559 728 1614 conjectant
771 1559 977 1614 astrologi
1030 1559 1208 1614 perinde
1261 1574 1309 1600 ac
1362 1559 1528 1600 medici.
1606 1558 1720 1601 Sunt

310 1632 527 1684 postremo
570 1628 666 1670 aliae
704 1643 856 1681 causae,
896 1643 1005 1683 quze,
1036 1632 1086 1669 ut
1118 1628 1258 1669 solute
1294 1643 1342 1669 ac
1376 1627 1510 1669 libere
1544 1642 1718 1669 moven-

311 1700 393 1746 tur,
429 1697 492 1737 ita
534 1696 579 1737 in
632 1696 831 1752 opposita
884 1696 1003 1737 abire
1054 1699 1266 1751 possunt:
1322 1695 1562 1750 cujusmodi
1616 1699 1719 1737 sunt

310 1769 431 1806 actus
463 1764 655 1814 humani,
700 1764 774 1819 qui
806 1779 831 1805 a
862 1764 999 1805 libero
1047 1763 1228 1805 arbitrio
1261 1763 1487 1819 profluunt
1529 1763 1717 1805 omnino.

311 1833 451 1874 Nemo
505 1832 563 1874 sit
615 1833 690 1887 qui
742 1832 825 1873 sibi
877 1831 1136 1887 persuadeat
1188 1832 1367 1873 effectus
1419 1831 1496 1873 hos
1560 1832 1719 1873 liberos

310 1905 387 1942 aut
419 1905 535 1942 certo
567 1914 844 1956 praenoscere,
879 1903 956 1941 aut
989 1900 1239 1955 conjectura
1270 1899 1440 1954 assequi
1473 1915 1526 1941 cx
1559 1899 1717 1952 astris3

310 1984 410 2010 nam
446 1972 497 2010 ut
533 1968 773 2024 peroptime
827 1970 976 2009 monet
1009 1967 1218 2022 Aquinas,
1252 1967 1418 2008 nullam
1451 1981 1547 2008 cum
1580 1968 1718 2009 causis

310 2037 586 2079 naturalibus
630 2036 947 2078 connexionem
979 2035 1152 2077 habent.
1218 2035 1288 2076 Ex
1334 2050 1418 2090 quo
1456 2036 1579 2077 credo
1611 2040 1718 2077 nata

309 2105 386 2146 illa
429 2108 495 2147 est
546 2104 772 2147 distinctio
805 2103 1052 2160 astrologiae
1100 2104 1314 2145 naturalis
1356 2106 1400 2144 et
1436 2103 1712 2159 judiciariae:

309 2187 494 2228 quarum
527 2173 645 2228 prior
677 2177 742 2214 est
795 2172 941 2224 licita,
974 2171 1204 2227 posterior
1232 2185 1334 2213 vero
1387 2171 1557 2213 sceleris
1588 2172 1717 2227 plena

308 2244 439 2297 atque
470 2241 683 2283 stultitiae.
749 2240 989 2281 Hausimus
1032 2240 1118 2281 ista
1149 2254 1203 2281 ex
1236 2238 1447 2283 Secunda
1497 2239 1717 2282 Secunde&

309 2314 456 2364 (latest.
492 2312 558 2359 95,
593 2313 674 2351 cort.
711 2312 745 2349 1.

369 2378 471 2418 Non
524 2383 588 2419 est
630 2381 852 2432 sumkerca,
900 2377 1015 2431 quod
1048 2377 1220 2417 silentio
1253 2377 1481 2417 mittamus
1527 2375 1714 2418 alterum

312 2444 551 2499 Aquinatis
600 2444 811 2499 placitum
849 2444 895 2483 in
936 2446 955 2484 1
994 2443 1046 2486 P.
1083 2448 1231 2498 qucest.
1268 2446 1364 2493 115,
1398 2447 1480 2484 art.
1521 2445 1559 2484 4.
1626 2443 1713 2484 Hic

308 2527 405 2553 cum
439 2515 662 2567 quaereret,
696 2511 942 2553 coelestiane
983 2525 1160 2566 corpora
1201 2511 1491 2551 humanorum
1535 2513 1712 2551 actuum

308 2595 446 2622 causa]
500 2581 598 2629 sint,
652 2581 829 2621 annon?
890 2594 980 2620 rem
1025 2579 1084 2620 sic
1137 2579 1367 2634 componit,
1423 2581 1473 2618 ut
1533 2581 1710 2628 statuat,

308 2649 502 2690 ccelestia
534 2648 709 2703 quidem
742 2648 788 2688 in
819 2647 911 2688 haeo
953 2647 1159 2688 inferiora
1206 2647 1385 2688 influere
1427 2660 1503 2702 per
1546 2661 1618 2697 se,
1666 2651 1713 2688 at

309 2717 597 2759 accidentario
649 2717 695 2757 in
748 2716 904 2758 a-nimae
953 2715 1066 2756 vires
1112 2730 1217 2770 quas
1264 2715 1440 2756 sensiles
1492 2715 1712 2769 passiones

309 2800 461 2826 vocare
487 2785 636 2840 placet.
703 2783 761 2825 Et
796 2783 898 2839 quia
920 2783 1167 2838 spirituales
1188 2782 1426 2831 facultates,
1464 2781 1711 2822 intellectus

310 2853 355 2893 id
398 2857 474 2904 est,
528 2868 575 2895 ac
631 2852 844 2901 voluntas,
894 2851 1059 2906 aliquid
1108 2851 1162 2892 ob
1206 2850 1411 2892 viciniam
1464 2864 1489 2890 a
1541 2849 1709 2890 viribus
