<?xml version="1.0" encoding="UTF-8"?>
<!DOCTYPE html PUBLIC "-//W3C//DTD XHTML 1.0 Transitional//EN"
    "http://www.w3.org/TR/xhtml1/DTD/xhtml1-transitional.dtd">
<html xmlns="http://www.w3.org/1999/xhtml" xml:lang="en" lang="en">
 <head>
  <title>
</title>
<meta http-equiv="Content-Type" content="text/html;charset=utf-8" />
  <meta name='ocr-system' content='tesseract 3.04.00' />
  <meta name='ocr-capabilities' content='ocr_page ocr_carea ocr_par ocr_line ocrx_word'/>
</head>
<body>
  <div class='ocr_page' id='page_1' title='image "./frrogeribaconope00baco_0677.png"; bbox 0 0 1964 3259; ppageno 0'>
   <div class='ocr_carea' id='block_1_1' title="bbox 760 244 1613 285">
    <p class='ocr_par' dir='ltr' id='par_1_1' title="bbox 760 244 1613 285">
     <span class='ocr_line' id='line_1_1' title="bbox 760 244 1613 285; baseline 0.004 -4"><span class='ocrx_word' id='word_1_1' title='bbox 760 251 994 283; x_wconf 77' lang='lat' dir='ltr'>APPENDIX</span> <span class='ocrx_word' id='word_1_2' title='bbox 1027 252 1074 282; x_wconf 84' lang='lat'>11.</span> <span class='ocrx_word' id='word_1_3' title='bbox 1529 244 1613 285; x_wconf 81' lang='lat'>563</span> 
     </span>
    </p>
   </div>
   <div class='ocr_carea' id='block_1_2' title="bbox 207 364 1615 2793">
    <p class='ocr_par' dir='ltr' id='par_1_2' title="bbox 208 364 1615 2169">
     <span class='ocr_line' id='line_1_2' title="bbox 218 364 1609 424; baseline 0.004 -19"><span class='ocrx_word' id='word_1_4' title='bbox 218 364 263 406; x_wconf 90' lang='lat' dir='ltr'>Is</span> <span class='ocrx_word' id='word_1_5' title='bbox 295 380 465 422; x_wconf 89' lang='lat' dir='ltr'>quoque</span> <span class='ocrx_word' id='word_1_6' title='bbox 496 367 700 424; x_wconf 82' lang='lat' dir='ltr'>cognovit</span> <span class='ocrx_word' id='word_1_7' title='bbox 731 369 778 409; x_wconf 91' lang='lat' dir='ltr'>in</span> <span class='ocrx_word' id='word_1_8' title='bbox 809 369 939 417; x_wconf 69' lang='grc'>006116,</span> <span class='ocrx_word' id='word_1_9' title='bbox 964 367 1080 422; x_wconf 83' lang='lat' dir='ltr'>quod</span> <span class='ocrx_word' id='word_1_10' title='bbox 1111 366 1276 408; x_wconf 83' lang='lat' dir='ltr'>occulte</span> <span class='ocrx_word' id='word_1_11' title='bbox 1305 367 1352 409; x_wconf 89' lang='lat' dir='ltr'>in</span> <span class='ocrx_word' id='word_1_12' title='bbox 1383 381 1609 423; x_wconf 84' lang='lat' dir='ltr'>corporum</span> 
     </span>
     <span class='ocr_line' id='line_1_3' title="bbox 217 434 1613 491; baseline 0.002 -17"><span class='ocrx_word' id='word_1_13' title='bbox 217 447 380 489; x_wconf 87' lang='lat' dir='ltr'>organa</span> <span class='ocrx_word' id='word_1_14' title='bbox 410 435 716 491; x_wconf 88' lang='lat' dir='ltr'>prolaberetur.</span> <span class='ocrx_word' id='word_1_15' title='bbox 782 436 862 477; x_wconf 90' lang='lat' dir='ltr'>Ille</span> <span class='ocrx_word' id='word_1_16' title='bbox 893 438 1022 491; x_wconf 89' lang='lat' dir='ltr'>putat</span> <span class='ocrx_word' id='word_1_17' title='bbox 1062 434 1271 484; x_wconf 85' lang='lat' dir='ltr'>futurum,</span> <span class='ocrx_word' id='word_1_18' title='bbox 1305 437 1356 476; x_wconf 91' lang='lat' dir='ltr'>ut</span> <span class='ocrx_word' id='word_1_19' title='bbox 1388 436 1613 477; x_wconf 81' lang='lat' dir='ltr'>constella-</span> 
     </span>
     <span class='ocr_line' id='line_1_4' title="bbox 216 501 1611 559; baseline 0.001 -17"><span class='ocrx_word' id='word_1_20' title='bbox 216 501 387 543; x_wconf 91' lang='lat' dir='ltr'>tionum</span> <span class='ocrx_word' id='word_1_21' title='bbox 426 504 601 554; x_wconf 85' lang='lat' dir='ltr'>virtute,</span> <span class='ocrx_word' id='word_1_22' title='bbox 655 503 880 545; x_wconf 88' lang='lat' dir='ltr'>hominum</span> <span class='ocrx_word' id='word_1_23' title='bbox 925 505 1321 559; x_wconf 69' lang='lat' dir='ltr'>temperamentum</span> <span class='ocrx_word' id='word_1_24' title='bbox 1373 506 1611 559; x_wconf 87' lang='lat' dir='ltr'>cognoscat.</span> 
     </span>
     <span class='ocr_line' id='line_1_5' title="bbox 218 568 1615 627; baseline 0.002 -18"><span class='ocrx_word' id='word_1_25' title='bbox 218 568 262 609; x_wconf 88' lang='lat' dir='ltr'>Is</span> <span class='ocrx_word' id='word_1_26' title='bbox 308 570 440 612; x_wconf 90' lang='lat' dir='ltr'>etiam</span> <span class='ocrx_word' id='word_1_27' title='bbox 485 571 531 612; x_wconf 91' lang='lat' dir='ltr'>id</span> <span class='ocrx_word' id='word_1_28' title='bbox 573 572 716 627; x_wconf 85' lang='lat' dir='ltr'>ipsum</span> <span class='ocrx_word' id='word_1_29' title='bbox 763 571 949 614; x_wconf 86' lang='lat' dir='ltr'>edocuit.</span> <span class='ocrx_word' id='word_1_30' title='bbox 1026 571 1107 612; x_wconf 88' lang='lat' dir='ltr'>Ille</span> <span class='ocrx_word' id='word_1_31' title='bbox 1149 570 1390 612; x_wconf 82' lang='lat' dir='ltr'>coelestium</span> <span class='ocrx_word' id='word_1_32' title='bbox 1432 571 1525 612; x_wconf 84' lang='lat' dir='ltr'>vim</span> <span class='ocrx_word' id='word_1_33' title='bbox 1567 571 1615 612; x_wconf 87' lang='lat' dir='ltr'>in</span> 
     </span>
     <span class='ocr_line' id='line_1_6' title="bbox 214 637 1612 695; baseline 0.002 -18"><span class='ocrx_word' id='word_1_34' title='bbox 214 637 373 680; x_wconf 81' lang='lat' dir='ltr'>animae</span> <span class='ocrx_word' id='word_1_35' title='bbox 403 639 517 681; x_wconf 88' lang='lat' dir='ltr'>vires</span> <span class='ocrx_word' id='word_1_36' title='bbox 560 639 757 682; x_wconf 86' lang='lat' dir='ltr'>derivare</span> <span class='ocrx_word' id='word_1_37' title='bbox 788 642 916 695; x_wconf 89' lang='lat' dir='ltr'>putat</span> <span class='ocrx_word' id='word_1_38' title='bbox 963 639 1033 690; x_wconf 84' lang='lat' dir='ltr'>sic,</span> <span class='ocrx_word' id='word_1_39' title='bbox 1067 640 1119 679; x_wconf 92' lang='lat' dir='ltr'>ut</span> <span class='ocrx_word' id='word_1_40' title='bbox 1151 638 1280 679; x_wconf 88' lang='lat' dir='ltr'>modo</span> <span class='ocrx_word' id='word_1_41' title='bbox 1312 638 1453 691; x_wconf 72' lang='lat' dir='ltr'>iram,</span> <span class='ocrx_word' id='word_1_42' title='bbox 1483 639 1612 680; x_wconf 86' lang='lat' dir='ltr'>modo</span> 
     </span>
     <span class='ocr_line' id='line_1_7' title="bbox 213 703 1613 758; baseline 0.003 -14"><span class='ocrx_word' id='word_1_43' title='bbox 213 703 459 758; x_wconf 81' lang='lat' dir='ltr'>lenitatem3</span> <span class='ocrx_word' id='word_1_44' title='bbox 491 721 606 749; x_wconf 87' lang='lat' dir='ltr'>nunc</span> <span class='ocrx_word' id='word_1_45' title='bbox 638 708 796 758; x_wconf 90' lang='lat' dir='ltr'>odium,</span> <span class='ocrx_word' id='word_1_46' title='bbox 820 721 935 748; x_wconf 89' lang='lat' dir='ltr'>nunc</span> <span class='ocrx_word' id='word_1_47' title='bbox 967 720 1157 747; x_wconf 87' lang='lat' dir='ltr'>amorem</span> <span class='ocrx_word' id='word_1_48' title='bbox 1188 705 1236 746; x_wconf 88' lang='lat' dir='ltr'>in</span> <span class='ocrx_word' id='word_1_49' title='bbox 1266 706 1393 747; x_wconf 89' lang='lat' dir='ltr'>nobis</span> <span class='ocrx_word' id='word_1_50' title='bbox 1425 706 1613 758; x_wconf 80' lang='lat' dir='ltr'>excitet3</span> 
     </span>
     <span class='ocr_line' id='line_1_8' title="bbox 215 771 1611 830; baseline 0.003 -18"><span class='ocrx_word' id='word_1_51' title='bbox 215 771 294 814; x_wconf 89' lang='lat' dir='ltr'>hoc</span> <span class='ocrx_word' id='word_1_52' title='bbox 354 774 497 825; x_wconf 86' lang='lat' dir='ltr'>etiam,</span> <span class='ocrx_word' id='word_1_53' title='bbox 562 776 678 830; x_wconf 86' lang='lat' dir='ltr'>quod</span> <span class='ocrx_word' id='word_1_54' title='bbox 747 778 848 816; x_wconf 91' lang='lat' dir='ltr'>ante</span> <span class='ocrx_word' id='word_1_55' title='bbox 915 773 1193 822; x_wconf 83' lang='lat' dir='ltr'>ostendimus,</span> <span class='ocrx_word' id='word_1_56' title='bbox 1262 773 1426 815; x_wconf 85' lang='lat' dir='ltr'>fatetur</span> <span class='ocrx_word' id='word_1_57' title='bbox 1487 774 1611 816; x_wconf 84' lang='lat' dir='ltr'>Baco.</span> 
     </span>
     <span class='ocr_line' id='line_1_9' title="bbox 213 839 1612 898; baseline 0.002 -19"><span class='ocrx_word' id='word_1_58' title='bbox 213 839 412 895; x_wconf 79' lang='lat' dir='ltr'><strong>Aquinas</strong></span> <span class='ocrx_word' id='word_1_59' title='bbox 458 842 600 898; x_wconf 87' lang='lat' dir='ltr'>plures</span> <span class='ocrx_word' id='word_1_60' title='bbox 647 857 735 884; x_wconf 88' lang='lat' dir='ltr'>esse</span> <span class='ocrx_word' id='word_1_61' title='bbox 782 845 930 883; x_wconf 89' lang='lat' dir='ltr'>monet</span> <span class='ocrx_word' id='word_1_62' title='bbox 980 840 1187 890; x_wconf 88' lang='lat' dir='ltr'>homines,</span> <span class='ocrx_word' id='word_1_63' title='bbox 1236 841 1311 896; x_wconf 88' lang='lat' dir='ltr'>qui</span> <span class='ocrx_word' id='word_1_64' title='bbox 1362 841 1612 896; x_wconf 80' lang='lat' dir='ltr'>passionum</span> 
     </span>
     <span class='ocr_line' id='line_1_10' title="bbox 212 905 1610 965; baseline 0.002 -18"><span class='ocrx_word' id='word_1_65' title='bbox 212 905 426 962; x_wconf 87' lang='lat' dir='ltr'>impetum</span> <span class='ocrx_word' id='word_1_66' title='bbox 469 912 717 965; x_wconf 81' lang='lat' dir='ltr'>sequantur,</span> <span class='ocrx_word' id='word_1_67' title='bbox 766 923 898 964; x_wconf 90' lang='lat' dir='ltr'>quam</span> <span class='ocrx_word' id='word_1_68' title='bbox 950 908 1026 963; x_wconf 89' lang='lat' dir='ltr'>qui</span> <span class='ocrx_word' id='word_1_69' title='bbox 1076 908 1349 963; x_wconf 74' lang='lat' dir='ltr'>passionibus</span> <span class='ocrx_word' id='word_1_70' title='bbox 1392 908 1610 950; x_wconf 86' lang='lat' dir='ltr'>resistant.</span> 
     </span>
     <span class='ocr_line' id='line_1_11' title="bbox 213 973 1612 1033; baseline 0.002 -18"><span class='ocrx_word' id='word_1_71' title='bbox 213 973 326 1016; x_wconf 89' lang='lat' dir='ltr'>Baco</span> <span class='ocrx_word' id='word_1_72' title='bbox 357 976 428 1017; x_wconf 80' lang='lat' dir='ltr'>vel</span> <span class='ocrx_word' id='word_1_73' title='bbox 458 976 549 1033; x_wconf 90' lang='lat' dir='ltr'>ipse</span> <span class='ocrx_word' id='word_1_74' title='bbox 590 991 669 1033; x_wconf 89' lang='lat' dir='ltr'>pro</span> <span class='ocrx_word' id='word_1_75' title='bbox 701 991 779 1018; x_wconf 88' lang='lat' dir='ltr'>sua</span> <span class='ocrx_word' id='word_1_76' title='bbox 810 975 1045 1032; x_wconf 88' lang='lat' dir='ltr'>prudentia</span> <span class='ocrx_word' id='word_1_77' title='bbox 1084 976 1469 1026; x_wconf 86' lang='lat' dir='ltr'>animadverterat,</span> <span class='ocrx_word' id='word_1_78' title='bbox 1504 980 1612 1032; x_wconf 91' lang='lat' dir='ltr'>quot</span> 
     </span>
     <span class='ocr_line' id='line_1_12' title="bbox 210 1043 1610 1100; baseline 0.002 -18"><span class='ocrx_word' id='word_1_79' title='bbox 210 1043 338 1097; x_wconf 88' lang='lat' dir='ltr'>pauci</span> <span class='ocrx_word' id='word_1_80' title='bbox 381 1044 482 1096; x_wconf 88' lang='lat' dir='ltr'>sint,</span> <span class='ocrx_word' id='word_1_81' title='bbox 535 1045 611 1100; x_wconf 90' lang='lat' dir='ltr'>qui</span> <span class='ocrx_word' id='word_1_82' title='bbox 653 1045 878 1086; x_wconf 84' lang='lat' dir='ltr'>inferiores</span> <span class='ocrx_word' id='word_1_83' title='bbox 925 1043 1061 1085; x_wconf 86' lang='lat' dir='ltr'>animi</span> <span class='ocrx_word' id='word_1_84' title='bbox 1108 1043 1223 1085; x_wconf 83' lang='lat' dir='ltr'>vires</span> <span class='ocrx_word' id='word_1_85' title='bbox 1275 1044 1466 1086; x_wconf 89' lang='lat' dir='ltr'>eludant.</span> <span class='ocrx_word' id='word_1_86' title='bbox 1530 1044 1610 1086; x_wconf 80' lang='lat' dir='ltr'>Ille</span> 
     </span>
     <span class='ocr_line' id='line_1_13' title="bbox 210 1111 1608 1169; baseline 0.002 -18"><span class='ocrx_word' id='word_1_87' title='bbox 210 1114 344 1161; x_wconf 85' lang='lat' dir='ltr'>Vetat,</span> <span class='ocrx_word' id='word_1_88' title='bbox 408 1126 463 1154; x_wconf 92' lang='lat' dir='ltr'>ne</span> <span class='ocrx_word' id='word_1_89' title='bbox 532 1112 782 1169; x_wconf 86' lang='lat' dir='ltr'>astrologus,</span> <span class='ocrx_word' id='word_1_90' title='bbox 852 1112 1038 1153; x_wconf 86' lang='lat' dir='ltr'>hominis</span> <span class='ocrx_word' id='word_1_91' title='bbox 1106 1111 1257 1168; x_wconf 86' lang='lat' dir='ltr'>agnita</span> <span class='ocrx_word' id='word_1_92' title='bbox 1316 1111 1608 1163; x_wconf 69' lang='lat' dir='ltr'>inclinatione,</span> 
     </span>
     <span class='ocr_line' id='line_1_14' title="bbox 212 1179 1610 1236; baseline 0.001 -17"><span class='ocrx_word' id='word_1_93' title='bbox 212 1181 394 1220; x_wconf 87' lang='lat' dir='ltr'>eventus</span> <span class='ocrx_word' id='word_1_94' title='bbox 436 1180 644 1236; x_wconf 77' lang='lat' dir='ltr'>praedicet</span> <span class='ocrx_word' id='word_1_95' title='bbox 686 1183 829 1232; x_wconf 88' lang='lat' dir='ltr'>certo;</span> <span class='ocrx_word' id='word_1_96' title='bbox 860 1194 964 1221; x_wconf 89' lang='lat' dir='ltr'>nam</span> <span class='ocrx_word' id='word_1_97' title='bbox 1007 1179 1102 1220; x_wconf 88' lang='lat' dir='ltr'>fieri</span> <span class='ocrx_word' id='word_1_98' title='bbox 1148 1182 1303 1234; x_wconf 90' lang='lat' dir='ltr'>potest,</span> <span class='ocrx_word' id='word_1_99' title='bbox 1349 1183 1401 1221; x_wconf 89' lang='lat' dir='ltr'>ut</span> <span class='ocrx_word' id='word_1_100' title='bbox 1442 1180 1610 1235; x_wconf 86' lang='lat' dir='ltr'>sapiens</span> 
     </span>
     <span class='ocr_line' id='line_1_15' title="bbox 210 1245 1609 1304; baseline 0.001 -18"><span class='ocrx_word' id='word_1_101' title='bbox 210 1245 449 1289; x_wconf 88' lang='lat' dir='ltr'>resistendo</span> <span class='ocrx_word' id='word_1_102' title='bbox 480 1262 598 1290; x_wconf 88' lang='lat' dir='ltr'>secus</span> <span class='ocrx_word' id='word_1_103' title='bbox 628 1251 742 1304; x_wconf 87' lang='lat' dir='ltr'>agat,</span> <span class='ocrx_word' id='word_1_104' title='bbox 776 1262 826 1289; x_wconf 89' lang='lat' dir='ltr'>ac</span> <span class='ocrx_word' id='word_1_105' title='bbox 862 1247 1086 1289; x_wconf 72' lang='lat' dir='ltr'>excitetur.</span> <span class='ocrx_word' id='word_1_106' title='bbox 1151 1246 1197 1288; x_wconf 91' lang='lat' dir='ltr'>Is</span> <span class='ocrx_word' id='word_1_107' title='bbox 1239 1247 1416 1302; x_wconf 82' lang='lat' dir='ltr'>quidem</span> <span class='ocrx_word' id='word_1_108' title='bbox 1447 1247 1609 1302; x_wconf 85' lang='lat' dir='ltr'>conjec-</span> 
     </span>
     <span class='ocr_line' id='line_1_16' title="bbox 210 1314 1607 1371; baseline 0.001 -17"><span class='ocrx_word' id='word_1_109' title='bbox 210 1316 355 1356; x_wconf 85' lang='lat' dir='ltr'>turam</span> <span class='ocrx_word' id='word_1_110' title='bbox 401 1316 584 1371; x_wconf 78' lang='lat' dir='ltr'>probat3</span> <span class='ocrx_word' id='word_1_111' title='bbox 635 1316 711 1357; x_wconf 88' lang='lat' dir='ltr'>sed</span> <span class='ocrx_word' id='word_1_112' title='bbox 756 1315 971 1370; x_wconf 87' lang='lat' dir='ltr'>judicium</span> <span class='ocrx_word' id='word_1_113' title='bbox 1022 1315 1140 1356; x_wconf 87' lang='lat' dir='ltr'>haud</span> <span class='ocrx_word' id='word_1_114' title='bbox 1192 1314 1327 1356; x_wconf 78' lang='lat' dir='ltr'>fallax</span> <span class='ocrx_word' id='word_1_115' title='bbox 1378 1315 1607 1371; x_wconf 89' lang='lat' dir='ltr'>improbat.</span> 
     </span>
     <span class='ocr_line' id='line_1_17' title="bbox 211 1382 1609 1439; baseline 0.001 -16"><span class='ocrx_word' id='word_1_116' title='bbox 211 1382 436 1425; x_wconf 83' lang='lat' dir='ltr'>Postremo</span> <span class='ocrx_word' id='word_1_117' title='bbox 480 1384 678 1439; x_wconf 77' lang='lat' dir='ltr'>Aquinas</span> <span class='ocrx_word' id='word_1_118' title='bbox 720 1398 811 1425; x_wconf 88' lang='lat' dir='ltr'>non</span> <span class='ocrx_word' id='word_1_119' title='bbox 855 1384 994 1425; x_wconf 89' lang='lat' dir='ltr'>solum</span> <span class='ocrx_word' id='word_1_120' title='bbox 1037 1383 1085 1423; x_wconf 91' lang='lat' dir='ltr'>in</span> <span class='ocrx_word' id='word_1_121' title='bbox 1131 1383 1414 1433; x_wconf 86' lang='lat' dir='ltr'>naturalibus,</span> <span class='ocrx_word' id='word_1_122' title='bbox 1455 1397 1609 1424; x_wconf 87' lang='lat' dir='ltr'>verum</span> 
     </span>
     <span class='ocr_line' id='line_1_18' title="bbox 210 1450 1610 1506; baseline 0 -15"><span class='ocrx_word' id='word_1_123' title='bbox 210 1450 342 1492; x_wconf 90' lang='lat' dir='ltr'>etiam</span> <span class='ocrx_word' id='word_1_124' title='bbox 393 1452 441 1493; x_wconf 92' lang='lat' dir='ltr'>in</span> <span class='ocrx_word' id='word_1_125' title='bbox 490 1452 706 1503; x_wconf 87' lang='lat' dir='ltr'>humanis,</span> <span class='ocrx_word' id='word_1_126' title='bbox 751 1451 966 1506; x_wconf 84' lang='lat' dir='ltr'>judicium</span> <span class='ocrx_word' id='word_1_127' title='bbox 1018 1451 1183 1506; x_wconf 87' lang='lat' dir='ltr'>respuit</span> <span class='ocrx_word' id='word_1_128' title='bbox 1229 1451 1276 1491; x_wconf 88' lang='lat' dir='ltr'>in</span> <span class='ocrx_word' id='word_1_129' title='bbox 1327 1450 1531 1506; x_wconf 85' lang='lat' dir='ltr'>speciali3</span> <span class='ocrx_word' id='word_1_130' title='bbox 1563 1451 1610 1492; x_wconf 91' lang='lat' dir='ltr'>in</span> 
     </span>
     <span class='ocr_line' id='line_1_19' title="bbox 209 1518 1609 1562; baseline 0.001 -4"><span class='ocrx_word' id='word_1_131' title='bbox 209 1519 446 1561; x_wconf 83' lang='lat' dir='ltr'>universali</span> <span class='ocrx_word' id='word_1_132' title='bbox 477 1534 582 1562; x_wconf 86' lang='lat' dir='ltr'>vero</span> <span class='ocrx_word' id='word_1_133' title='bbox 625 1519 833 1561; x_wconf 83' lang='lat' dir='ltr'>admittit.</span> <span class='ocrx_word' id='word_1_134' title='bbox 911 1518 1123 1560; x_wconf 80' lang='lat' dir='ltr'>Similiter</span> <span class='ocrx_word' id='word_1_135' title='bbox 1167 1519 1282 1560; x_wconf 86' lang='lat' dir='ltr'>Baco</span> <span class='ocrx_word' id='word_1_136' title='bbox 1327 1519 1508 1560; x_wconf 85' lang='lat' dir='ltr'>damnat</span> <span class='ocrx_word' id='word_1_137' title='bbox 1539 1533 1609 1559; x_wconf 89' lang='lat' dir='ltr'>eos</span> 
     </span>
     <span class='ocr_line' id='line_1_20' title="bbox 211 1587 1609 1643; baseline 0 -16"><span class='ocrx_word' id='word_1_138' title='bbox 211 1587 286 1641; x_wconf 89' lang='lat' dir='ltr'>qui</span> <span class='ocrx_word' id='word_1_139' title='bbox 322 1587 545 1643; x_wconf 79' lang='lat' dir='ltr'>speciatim</span> <span class='ocrx_word' id='word_1_140' title='bbox 581 1587 785 1643; x_wconf 87' lang='lat' dir='ltr'>judicant</span> <span class='ocrx_word' id='word_1_141' title='bbox 817 1588 869 1628; x_wconf 91' lang='lat' dir='ltr'>de</span> <span class='ocrx_word' id='word_1_142' title='bbox 901 1587 1102 1628; x_wconf 81' lang='lat' dir='ltr'>omnibus</span> <span class='ocrx_word' id='word_1_143' title='bbox 1139 1600 1234 1641; x_wconf 80' lang='lat' dir='ltr'>quae</span> <span class='ocrx_word' id='word_1_144' title='bbox 1272 1587 1363 1628; x_wconf 88' lang='lat' dir='ltr'>sive</span> <span class='ocrx_word' id='word_1_145' title='bbox 1394 1601 1420 1627; x_wconf 89' lang='lat' dir='ltr'>a</span> <span class='ocrx_word' id='word_1_146' title='bbox 1450 1589 1609 1628; x_wconf 88' lang='lat' dir='ltr'>natura</span> 
     </span>
     <span class='ocr_line' id='line_1_21' title="bbox 209 1653 1608 1710; baseline 0 -15"><span class='ocrx_word' id='word_1_147' title='bbox 209 1654 301 1696; x_wconf 87' lang='lat' dir='ltr'>sive</span> <span class='ocrx_word' id='word_1_148' title='bbox 348 1669 374 1696; x_wconf 88' lang='lat' dir='ltr'>a</span> <span class='ocrx_word' id='word_1_149' title='bbox 423 1656 651 1698; x_wconf 85' lang='lat' dir='ltr'>voluntate</span> <span class='ocrx_word' id='word_1_150' title='bbox 701 1655 883 1707; x_wconf 82' lang='lat' dir='ltr'>fluunt3</span> <span class='ocrx_word' id='word_1_151' title='bbox 935 1669 984 1696; x_wconf 89' lang='lat' dir='ltr'>ac</span> <span class='ocrx_word' id='word_1_152' title='bbox 1026 1653 1121 1695; x_wconf 87' lang='lat' dir='ltr'>illos</span> <span class='ocrx_word' id='word_1_153' title='bbox 1172 1654 1385 1710; x_wconf 86' lang='lat' dir='ltr'>approbat</span> <span class='ocrx_word' id='word_1_154' title='bbox 1437 1654 1513 1709; x_wconf 89' lang='lat' dir='ltr'>qui</span> <span class='ocrx_word' id='word_1_155' title='bbox 1562 1654 1608 1695; x_wconf 86' lang='lat' dir='ltr'>in</span> 
     </span>
     <span class='ocr_line' id='line_1_22' title="bbox 208 1720 1609 1777; baseline 0 -15"><span class='ocrx_word' id='word_1_156' title='bbox 208 1720 385 1763; x_wconf 88' lang='lat' dir='ltr'>ferendo</span> <span class='ocrx_word' id='word_1_157' title='bbox 430 1722 595 1777; x_wconf 89' lang='lat' dir='ltr'>judicio</span> <span class='ocrx_word' id='word_1_158' title='bbox 641 1736 685 1764; x_wconf 90' lang='lat' dir='ltr'>se</span> <span class='ocrx_word' id='word_1_159' title='bbox 729 1722 794 1764; x_wconf 88' lang='lat' dir='ltr'>ita</span> <span class='ocrx_word' id='word_1_160' title='bbox 843 1724 1015 1777; x_wconf 86' lang='lat' dir='ltr'>gerunt,</span> <span class='ocrx_word' id='word_1_161' title='bbox 1062 1725 1113 1763; x_wconf 92' lang='lat' dir='ltr'>ut</span> <span class='ocrx_word' id='word_1_162' title='bbox 1159 1736 1225 1762; x_wconf 85' lang='lat' dir='ltr'>res</span> <span class='ocrx_word' id='word_1_163' title='bbox 1267 1722 1315 1762; x_wconf 89' lang='lat' dir='ltr'>in</span> <span class='ocrx_word' id='word_1_164' title='bbox 1357 1722 1609 1762; x_wconf 87' lang='lat' dir='ltr'>universum</span> 
     </span>
     <span class='ocr_line' id='line_1_23' title="bbox 209 1788 1609 1844; baseline -0.001 -13"><span class='ocrx_word' id='word_1_165' title='bbox 209 1790 499 1844; x_wconf 80' lang='lat' dir='ltr'>pronuncient</span> <span class='ocrx_word' id='word_1_166' title='bbox 530 1791 762 1832; x_wconf 73' lang='lat' dir='ltr'>duntaxat.</span> <span class='ocrx_word' id='word_1_167' title='bbox 828 1789 946 1840; x_wconf 77' lang='lat' dir='ltr'>Quid</span> <span class='ocrx_word' id='word_1_168' title='bbox 988 1803 1088 1844; x_wconf 90' lang='lat' dir='ltr'>ergo</span> <span class='ocrx_word' id='word_1_169' title='bbox 1120 1788 1387 1843; x_wconf 84' lang='lat' dir='ltr'>Aquinatem</span> <span class='ocrx_word' id='word_1_170' title='bbox 1419 1789 1535 1830; x_wconf 89' lang='lat' dir='ltr'>inter</span> <span class='ocrx_word' id='word_1_171' title='bbox 1565 1792 1609 1830; x_wconf 86' lang='lat' dir='ltr'>et</span> 
     </span>
     <span class='ocr_line' id='line_1_24' title="bbox 212 1856 1609 1912; baseline 0 -15"><span class='ocrx_word' id='word_1_172' title='bbox 212 1857 426 1899; x_wconf 84' lang='lat' dir='ltr'>Baconem</span> <span class='ocrx_word' id='word_1_173' title='bbox 457 1860 656 1899; x_wconf 88' lang='lat' dir='ltr'>nostrum</span> <span class='ocrx_word' id='word_1_174' title='bbox 688 1858 901 1898; x_wconf 75' lang='lat' dir='ltr'>interest?</span> <span class='ocrx_word' id='word_1_175' title='bbox 931 1859 1010 1898; x_wconf 86' lang='lat' dir='ltr'>aut</span> <span class='ocrx_word' id='word_1_176' title='bbox 1050 1856 1126 1911; x_wconf 90' lang='lat' dir='ltr'>qui</span> <span class='ocrx_word' id='word_1_177' title='bbox 1157 1856 1370 1898; x_wconf 86' lang='lat' dir='ltr'>Baconem</span> <span class='ocrx_word' id='word_1_178' title='bbox 1405 1856 1609 1912; x_wconf 90' lang='lat' dir='ltr'>supersti-</span> 
     </span>
     <span class='ocr_line' id='line_1_25' title="bbox 210 1923 1609 1980; baseline 0 -15"><span class='ocrx_word' id='word_1_179' title='bbox 210 1924 342 1965; x_wconf 91' lang='lat' dir='ltr'>tionis</span> <span class='ocrx_word' id='word_1_180' title='bbox 384 1925 652 1976; x_wconf 88' lang='lat' dir='ltr'>insimulans,</span> <span class='ocrx_word' id='word_1_181' title='bbox 686 1925 766 1966; x_wconf 85' lang='lat' dir='ltr'>hoc</span> <span class='ocrx_word' id='word_1_182' title='bbox 816 1925 958 1980; x_wconf 90' lang='lat' dir='ltr'>ipsum</span> <span class='ocrx_word' id='word_1_183' title='bbox 1004 1924 1211 1979; x_wconf 86' lang='lat' dir='ltr'>probrum</span> <span class='ocrx_word' id='word_1_184' title='bbox 1254 1923 1471 1978; x_wconf 82' lang='lat' dir='ltr'>Aquinati</span> <span class='ocrx_word' id='word_1_185' title='bbox 1521 1938 1609 1965; x_wconf 92' lang='lat' dir='ltr'>non</span> 
     </span>
     <span class='ocr_line' id='line_1_26' title="bbox 211 1991 1608 2048; baseline -0.001 -15"><span class='ocrx_word' id='word_1_186' title='bbox 211 1992 420 2047; x_wconf 75' lang='lat' dir='ltr'>objiciat?</span> <span class='ocrx_word' id='word_1_187' title='bbox 524 1992 612 2034; x_wconf 91' lang='lat' dir='ltr'>Sed</span> <span class='ocrx_word' id='word_1_188' title='bbox 673 2006 808 2048; x_wconf 80' lang='lat' dir='ltr'>apage</span> <span class='ocrx_word' id='word_1_189' title='bbox 871 1991 1141 2033; x_wconf 86' lang='lat' dir='ltr'>calumniam.</span> <span class='ocrx_word' id='word_1_190' title='bbox 1244 1991 1608 2033; x_wconf 86' lang='lat' dir='ltr'>Scholasticorum</span> 
     </span>
     <span class='ocr_line' id='line_1_27' title="bbox 209 2059 1608 2116; baseline -0.001 -15"><span class='ocrx_word' id='word_1_191' title='bbox 209 2062 392 2115; x_wconf 83' lang='lat' dir='ltr'>uterque</span> <span class='ocrx_word' id='word_1_192' title='bbox 423 2060 727 2116; x_wconf 86' lang='lat' dir='ltr'>pervulgatam</span> <span class='ocrx_word' id='word_1_193' title='bbox 762 2059 1026 2101; x_wconf 89' lang='lat' dir='ltr'>sententiam</span> <span class='ocrx_word' id='word_1_194' title='bbox 1073 2062 1244 2101; x_wconf 89' lang='lat' dir='ltr'>secutus</span> <span class='ocrx_word' id='word_1_195' title='bbox 1285 2059 1397 2101; x_wconf 83' lang='lat' dir='ltr'>fuit:</span> <span class='ocrx_word' id='word_1_196' title='bbox 1431 2059 1608 2116; x_wconf 87' lang='lat' dir='ltr'>geneth-</span> 
     </span>
     <span class='ocr_line' id='line_1_28' title="bbox 208 2127 1001 2169; baseline 0 -1"><span class='ocrx_word' id='word_1_197' title='bbox 208 2127 416 2169; x_wconf 90' lang='lat' dir='ltr'>liacorum</span> <span class='ocrx_word' id='word_1_198' title='bbox 449 2128 732 2169; x_wconf 84' lang='lat' dir='ltr'>deliramenta</span> <span class='ocrx_word' id='word_1_199' title='bbox 762 2142 850 2169; x_wconf 91' lang='lat' dir='ltr'>non</span> <span class='ocrx_word' id='word_1_200' title='bbox 880 2128 1001 2168; x_wconf 90' lang='lat' dir='ltr'>item.</span> 
     </span>
    </p>

    <p class='ocr_par' dir='ltr' id='par_1_3' title="bbox 207 2194 1610 2793">
     <span class='ocr_line' id='line_1_29' title="bbox 270 2194 1607 2252; baseline -0.001 -16"><span class='ocrx_word' id='word_1_201' title='bbox 270 2195 435 2238; x_wconf 89' lang='lat' dir='ltr'>Verum</span> <span class='ocrx_word' id='word_1_202' title='bbox 468 2199 534 2238; x_wconf 90' lang='lat' dir='ltr'>est</span> <span class='ocrx_word' id='word_1_203' title='bbox 577 2199 760 2252; x_wconf 84' lang='lat' dir='ltr'>tempus,</span> <span class='ocrx_word' id='word_1_204' title='bbox 794 2199 855 2246; x_wconf 84' lang='lat' dir='ltr'>ut,</span> <span class='ocrx_word' id='word_1_205' title='bbox 890 2210 988 2250; x_wconf 75' lang='lat' dir='ltr'>quae</span> <span class='ocrx_word' id='word_1_206' title='bbox 1030 2208 1181 2236; x_wconf 83' lang='lat' dir='ltr'>censor</span> <span class='ocrx_word' id='word_1_207' title='bbox 1222 2197 1425 2251; x_wconf 88' lang='lat' dir='ltr'>opponat,</span> <span class='ocrx_word' id='word_1_208' title='bbox 1459 2194 1607 2235; x_wconf 88' lang='lat' dir='ltr'>audia-</span> 
     </span>
     <span class='ocr_line' id='line_1_30' title="bbox 210 2262 1608 2318; baseline 0 -15"><span class='ocrx_word' id='word_1_209' title='bbox 210 2276 315 2305; x_wconf 87' lang='lat' dir='ltr'>mus.</span> <span class='ocrx_word' id='word_1_210' title='bbox 429 2264 561 2306; x_wconf 91' lang='lat' dir='ltr'>Plura</span> <span class='ocrx_word' id='word_1_211' title='bbox 613 2267 716 2305; x_wconf 88' lang='lat' dir='ltr'>sunt</span> <span class='ocrx_word' id='word_1_212' title='bbox 767 2263 814 2304; x_wconf 89' lang='grc'>111</span> <span class='ocrx_word' id='word_1_213' title='bbox 867 2263 1036 2305; x_wconf 87' lang='lat' dir='ltr'>Bacone</span> <span class='ocrx_word' id='word_1_214' title='bbox 1088 2263 1214 2312; x_wconf 85' lang='lat' dir='ltr'>dicta,</span> <span class='ocrx_word' id='word_1_215' title='bbox 1269 2277 1365 2317; x_wconf 75' lang='lat' dir='ltr'>quae</span> <span class='ocrx_word' id='word_1_216' title='bbox 1416 2262 1608 2318; x_wconf 89' lang='lat' dir='ltr'>rigidum</span> 
     </span>
     <span class='ocr_line' id='line_1_31' title="bbox 209 2330 1608 2387; baseline -0.001 -15"><span class='ocrx_word' id='word_1_217' title='bbox 209 2345 429 2373; x_wconf 85' lang='lat' dir='ltr'>censorem</span> <span class='ocrx_word' id='word_1_218' title='bbox 490 2335 707 2382; x_wconf 85' lang='lat' dir='ltr'>moveant,</span> <span class='ocrx_word' id='word_1_219' title='bbox 761 2335 813 2373; x_wconf 91' lang='lat' dir='ltr'>ut</span> <span class='ocrx_word' id='word_1_220' title='bbox 875 2334 1012 2387; x_wconf 83' lang='lat' dir='ltr'>putet,</span> <span class='ocrx_word' id='word_1_221' title='bbox 1067 2330 1283 2372; x_wconf 88' lang='lat' dir='ltr'>Baconem</span> <span class='ocrx_word' id='word_1_222' title='bbox 1334 2330 1405 2371; x_wconf 88' lang='lat' dir='ltr'>vel</span> <span class='ocrx_word' id='word_1_223' title='bbox 1465 2330 1608 2385; x_wconf 89' lang='lat' dir='ltr'>ipsum</span> 
     </span>
     <span class='ocr_line' id='line_1_32' title="bbox 207 2398 1610 2455; baseline -0.001 -16"><span class='ocrx_word' id='word_1_224' title='bbox 207 2399 385 2441; x_wconf 87' lang='lat' dir='ltr'>illorum</span> <span class='ocrx_word' id='word_1_225' title='bbox 417 2400 655 2442; x_wconf 87' lang='lat' dir='ltr'>amentiam</span> <span class='ocrx_word' id='word_1_226' title='bbox 685 2399 900 2455; x_wconf 78' lang='lat' dir='ltr'>probasse,</span> <span class='ocrx_word' id='word_1_227' title='bbox 934 2398 1008 2453; x_wconf 92' lang='lat' dir='ltr'>qui</span> <span class='ocrx_word' id='word_1_228' title='bbox 1039 2412 1118 2440; x_wconf 88' lang='lat' dir='ltr'>nos</span> <span class='ocrx_word' id='word_1_229' title='bbox 1148 2398 1354 2439; x_wconf 86' lang='lat' dir='ltr'>fatalibus</span> <span class='ocrx_word' id='word_1_230' title='bbox 1386 2398 1514 2439; x_wconf 86' lang='lat' dir='ltr'>astris</span> <span class='ocrx_word' id='word_1_231' title='bbox 1544 2398 1610 2438; x_wconf 87' lang='lat' dir='ltr'>ita</span> 
     </span>
     <span class='ocr_line' id='line_1_33' title="bbox 211 2466 1608 2523; baseline -0.002 -15"><span class='ocrx_word' id='word_1_232' title='bbox 211 2466 426 2523; x_wconf 79' lang='lat' dir='ltr'>obstringi</span> <span class='ocrx_word' id='word_1_233' title='bbox 477 2469 670 2519; x_wconf 85' lang='lat' dir='ltr'>credunt,</span> <span class='ocrx_word' id='word_1_234' title='bbox 704 2471 756 2509; x_wconf 87' lang='lat' dir='ltr'>ut</span> <span class='ocrx_word' id='word_1_235' title='bbox 802 2467 856 2509; x_wconf 89' lang='lat' dir='ltr'>ab</span> <span class='ocrx_word' id='word_1_236' title='bbox 901 2470 1117 2508; x_wconf 82' lang='lat' dir='ltr'>astrorum</span> <span class='ocrx_word' id='word_1_237' title='bbox 1168 2466 1339 2506; x_wconf 75' lang='lat' dir='ltr'>influxu</span> <span class='ocrx_word' id='word_1_238' title='bbox 1382 2480 1608 2520; x_wconf 88' lang='lat' dir='ltr'>nunquam</span> 
     </span>
     <span class='ocr_line' id='line_1_34' title="bbox 211 2533 1606 2591; baseline -0.002 -16"><span class='ocrx_word' id='word_1_239' title='bbox 211 2534 490 2578; x_wconf 87' lang='lat' dir='ltr'>discedamus.</span> <span class='ocrx_word' id='word_1_240' title='bbox 546 2536 797 2591; x_wconf 82' lang='lat' dir='ltr'>Sequentia,</span> <span class='ocrx_word' id='word_1_241' title='bbox 821 2550 918 2591; x_wconf 70' lang='lat' dir='ltr'>quae</span> <span class='ocrx_word' id='word_1_242' title='bbox 940 2535 987 2576; x_wconf 90' lang='lat' dir='ltr'>in</span> <span class='ocrx_word' id='word_1_243' title='bbox 1012 2534 1181 2576; x_wconf 85' lang='lat' dir='ltr'>Bacone</span> <span class='ocrx_word' id='word_1_244' title='bbox 1203 2533 1368 2588; x_wconf 81' lang='lat' dir='ltr'>legerat</span> <span class='ocrx_word' id='word_1_245' title='bbox 1388 2547 1483 2588; x_wconf 89' lang='lat' dir='ltr'>pag.</span> <span class='ocrx_word' id='word_1_246' title='bbox 1508 2534 1606 2583; x_wconf 84' lang='lat'>118,</span> 
     </span>
     <span class='ocr_line' id='line_1_35' title="bbox 212 2600 1608 2659; baseline -0.001 -17"><span class='ocrx_word' id='word_1_247' title='bbox 212 2615 288 2643; x_wconf 91' lang='lat' dir='ltr'>suo</span> <span class='ocrx_word' id='word_1_248' title='bbox 320 2603 367 2643; x_wconf 92' lang='lat' dir='ltr'>in</span> <span class='ocrx_word' id='word_1_249' title='bbox 399 2603 666 2659; x_wconf 86' lang='lat' dir='ltr'>apologetico</span> <span class='ocrx_word' id='word_1_250' title='bbox 698 2602 974 2658; x_wconf 84' lang='lat' dir='ltr'>transcripsit</span> <span class='ocrx_word' id='word_1_251' title='bbox 1003 2616 1099 2658; x_wconf 83' lang='lat' dir='ltr'>pag.</span> <span class='ocrx_word' id='word_1_252' title='bbox 1132 2602 1214 2642; x_wconf 81' lang='lat'>29:</span> <span class='ocrx_word' id='word_1_253' title='bbox 1252 2600 1336 2641; x_wconf 85' lang='lat' dir='ltr'>“Si</span> <span class='ocrx_word' id='word_1_254' title='bbox 1367 2600 1608 2655; x_wconf 87' lang='lat' dir='ltr'>astrologus</span> 
     </span>
     <span class='ocr_line' id='line_1_36' title="bbox 211 2667 1606 2726; baseline -0.003 -15"><span class='ocrx_word' id='word_1_255' title='bbox 211 2673 235 2690; x_wconf 88' lang='lat'><strong>“</strong></span> <span class='ocrx_word' id='word_1_256' title='bbox 265 2669 373 2711; x_wconf 88' lang='lat' dir='ltr'>velit</span> <span class='ocrx_word' id='word_1_257' title='bbox 405 2671 675 2712; x_wconf 84' lang='lat' dir='ltr'>considerare</span> <span class='ocrx_word' id='word_1_258' title='bbox 708 2670 941 2726; x_wconf 86' lang='lat' dir='ltr'>diligenter</span> <span class='ocrx_word' id='word_1_259' title='bbox 972 2672 1018 2710; x_wconf 89' lang='lat' dir='ltr'>et</span> <span class='ocrx_word' id='word_1_260' title='bbox 1052 2669 1144 2709; x_wconf 84' lang='lat' dir='ltr'>sine</span> <span class='ocrx_word' id='word_1_261' title='bbox 1176 2681 1317 2709; x_wconf 90' lang='lat' dir='ltr'>errore</span> <span class='ocrx_word' id='word_1_262' title='bbox 1349 2667 1476 2708; x_wconf 88' lang='lat' dir='ltr'>horas</span> <span class='ocrx_word' id='word_1_263' title='bbox 1507 2681 1606 2708; x_wconf 85' lang='lat' dir='ltr'>eon-</span> 
     </span>
     <span class='ocr_line' id='line_1_37' title="bbox 209 2735 1606 2793; baseline -0.003 -15"><span class='ocrx_word' id='word_1_264' title='bbox 209 2740 233 2757; x_wconf 86' lang='lat'><strong>“</strong></span> <span class='ocrx_word' id='word_1_265' title='bbox 267 2737 514 2793; x_wconf 90' lang='lat' dir='ltr'>ceptionum</span> <span class='ocrx_word' id='word_1_266' title='bbox 566 2741 610 2780; x_wconf 88' lang='lat' dir='ltr'>et</span> <span class='ocrx_word' id='word_1_267' title='bbox 660 2738 948 2780; x_wconf 78' lang='lat' dir='ltr'>nativitatum</span> <span class='ocrx_word' id='word_1_268' title='bbox 991 2735 1274 2792; x_wconf 84' lang='lat' dir='ltr'>singularium</span> <span class='ocrx_word' id='word_1_269' title='bbox 1315 2749 1606 2791; x_wconf 85' lang='lat' dir='ltr'>personarum,</span> 
     </span>
    </p>
   </div>
   <div class='ocr_carea' id='block_1_3' title="bbox 213 2802 1609 2914">
    <p class='ocr_par' dir='ltr' id='par_1_4' title="bbox 213 2802 1609 2914">
     <span class='ocr_line' id='line_1_38' title="bbox 213 2802 1609 2855; baseline -0.002 -8"><span class='ocrx_word' id='word_1_270' title='bbox 213 2809 236 2826; x_wconf 91' lang='lat'><strong>“</strong></span> <span class='ocrx_word' id='word_1_271' title='bbox 267 2807 319 2847; x_wconf 80' lang='lat' dir='ltr'>ut</span> <span class='ocrx_word' id='word_1_272' title='bbox 351 2806 514 2848; x_wconf 85' lang='lat' dir='ltr'>sciatur</span> <span class='ocrx_word' id='word_1_273' title='bbox 545 2805 788 2849; x_wconf 84' lang='lat' dir='ltr'>dominium</span> <span class='ocrx_word' id='word_1_274' title='bbox 830 2805 1016 2849; x_wconf 82' lang='lat' dir='ltr'>coelestis</span> <span class='ocrx_word' id='word_1_275' title='bbox 1045 2803 1227 2847; x_wconf 86' lang='lat' dir='ltr'>virtutis</span> <span class='ocrx_word' id='word_1_276' title='bbox 1258 2804 1314 2845; x_wconf 88' lang='lat' dir='ltr'>ad</span> <span class='ocrx_word' id='word_1_277' title='bbox 1345 2803 1471 2845; x_wconf 89' lang='lat' dir='ltr'>horas</span> <span class='ocrx_word' id='word_1_278' title='bbox 1501 2802 1609 2855; x_wconf 85' lang='lat' dir='ltr'>illas,</span> 
     </span>
     <span class='ocr_line' id='line_1_39' title="bbox 1220 2875 1378 2914; baseline 0 0"><span class='ocrx_word' id='word_1_279' title='bbox 1220 2881 1252 2914; x_wconf 80' lang='lat' dir='ltr'>N</span> <span class='ocrx_word' id='word_1_280' title='bbox 1283 2883 1315 2914; x_wconf 86' lang='lat' dir='ltr'>N</span> <span class='ocrx_word' id='word_1_281' title='bbox 1353 2875 1378 2914; x_wconf 85' lang='lat'>2</span> 
     </span>
    </p>
   </div>
  </div>
 </body>
</html>
