1964 3259
212 262 296 318 vr]
660 271 967 306 ooMPENDIUM
999 270 1166 302 STUDII.
1529 266 1614 306 435

209 403 261 430 ea
312 403 409 444 quae
461 390 515 431 de
567 387 704 431 causis
751 387 1071 429 universalibus
1119 386 1379 430 inferuntur.
1465 389 1614 432 Prima

211 457 348 513 igitur
378 458 490 499 ratio
521 458 676 498 horum
708 458 774 497 est
805 455 921 510 quod
965 469 1112 496 omnes
1145 456 1295 507 sancti,
1329 460 1374 498 et
1405 457 1611 509 doctores,

213 528 257 567 et
303 525 559 581 philosophi,
608 527 652 566 et
697 526 848 579 poe'tae,
903 526 947 565 et
988 526 1186 565 auctores
1229 526 1536 580 grammaticae,
1570 532 1614 569 et

213 608 360 635 omnes
410 594 627 649 sapientes
679 592 828 633 Latini
878 591 1193 633 laboraverimt
1236 593 1283 635 in
1327 594 1394 635 his
1439 595 1612 651 linguis,

211 664 389 717 propter
447 661 748 703 necessitatem
811 659 1038 715 sapientiae
1086 661 1248 703 divinae
1301 665 1346 703 et
1397 662 1611 707 humanae.

213 729 300 772 Sed
331 744 409 771 nos
440 744 588 771 sumus
631 728 712 770 filii
752 731 797 770 et
829 742 1092 769 successores
1130 729 1462 784 praedictorum3
1508 747 1612 787 qua-

210 801 389 853 propter
420 798 630 840 debemus
677 811 747 838 eos
793 795 971 846 imitari,
1006 799 1084 838 aut
1115 797 1270 839 merito
1301 799 1614 855 redarguemur

211 866 265 907 de
295 865 470 907 infinita
497 865 703 916 stultitia,
727 878 826 906 cum
857 864 1057 920 praedicti
1089 865 1256 907 fuerint
1287 868 1610 923 sapientissimi,

209 935 253 974 et
285 933 340 975 ob
372 947 563 975 amorem
595 932 819 988 sapientiae
852 932 1014 973 talibus
1046 947 1091 974 se
1124 933 1349 977 dederunt.
1413 936 1613 979 Secunda

209 1002 322 1044 ratio
366 1004 431 1043 est
475 1001 592 1057 quod
634 1001 822 1043 velimus
866 1001 1065 1053 nolimus
1107 1006 1280 1057 oportet
1323 1018 1403 1046 nos
1449 1005 1611 1061 linguis

208 1069 408 1112 insistere
450 1070 487 1111 si
527 1069 729 1111 volumus
769 1069 1030 1125 sapientiam
1082 1070 1312 1112 doctorum
1373 1072 1610 1115 hominum.

211 1137 427 1189 Quoniam
449 1152 596 1179 omnes
617 1138 718 1179 libri
741 1152 891 1179 eorum
922 1140 1026 1179 sunt
1056 1138 1176 1194 pleni
1208 1140 1274 1180 his
1305 1140 1477 1197 linguis,
1499 1143 1612 1185 sicut

209 1206 490 1248 manifestum
523 1209 588 1248 est
620 1206 799 1248 cuilibet
830 1206 905 1261 qui
938 1206 1166 1262 sapientiae
1198 1212 1335 1251 vacat.
1400 1209 1487 1252 Sed
1518 1212 1610 1253 sine

209 1275 555 1330 expositionibus
586 1289 734 1316 eorum
765 1289 854 1315 non
884 1288 1110 1330 possumus
1142 1277 1360 1331 proficere.
1423 1278 1483 1320 Et
1514 1279 1610 1321 ideo

209 1345 405 1401 cogimur
455 1346 693 1387 necessario
744 1345 800 1386 ad
853 1346 1045 1388 debitam
1097 1347 1303 1388 notitiam
1347 1348 1611 1405 linguarum,

209 1416 287 1455 aut
318 1414 478 1455 erimus
509 1414 621 1455 asini
654 1416 699 1455 et
735 1413 862 1455 vacui
895 1414 1013 1456 omni
1044 1415 1259 1470 sapientia
1291 1419 1335 1458 et
1367 1417 1574 1461 doctrina.

270 1481 390 1523 Pono
423 1483 509 1524 duo
541 1481 739 1537 exempla
767 1496 845 1537 pro
878 1482 1206 1525 millemillibus.
1257 1484 1420 1527 Beatus
1453 1486 1608 1530 Hiero-
1628 1503 1802 1537 Instanees

208 1565 369 1605 nymus
432 1551 480 1591 in
546 1550 861 1604 quaestionibus
924 1549 1164 1601 Hebraicis
1228 1552 1358 1607 hujus
1418 1548 1808 1624 11011111110311ξῗξθε·

210 1617 434 1668 “Is‘rael‚''
471 1618 587 1673 quod
618 1617 702 1659 fuit
733 1631 892 1659 nomen
924 1617 1061 1659 Jacob
1094 1620 1364 1674 patriarchae,
1393 1622 1608 1680 interpre-
1627 1603 1786 1679 saffiying

207 1685 432 1735 tationem,
457 1701 543 1742 qua
576 1686 748 1736 dicitur,
782 1685 868 1728 Vir
889 1685 1050 1728 videns
1072 1686 1233 1740 Deum,
1262 1691 1480 1745 reprobat,
1499 1708 1610 1734 asse·
1627 1682 1781 1715 Hebrew.

206 1769 306 1796 rens
338 1755 453 1810 quod
485 1754 577 1809 ejus
609 1758 674 1796 est
705 1755 1010 1810 interpretatio
1042 1757 1226 1812 proprie,
1249 1757 1473 1815 Princeps
1506 1775 1610 1803 cum

207 1822 307 1865 Deo.
374 1823 506 1864 Multi
539 1823 654 1864 enim
686 1826 789 1864 ante
834 1823 977 1878 ipsum
1009 1838 1098 1865 non
1130 1824 1394 1867 sufficienter
1438 1831 1610 1884 experti

210 1890 449 1933 Hebraeum
484 1891 544 1932 sic
585 1891 865 1946 interpretati
900 1894 1031 1942 sunt3
1077 1892 1179 1946 quia
1225 1895 1461 1936 secundum
1494 1898 1609 1951 quod

206 1959 253 1999 in
296 1959 383 2000 tria
419 1959 632 2000 vocabula
662 1958 716 2010 2'3,
761 1972 826 2008 sm,
871 1957 910 2000 el
961 1958 1188 2011 dividitur,
1222 1961 1312 2003 haec
1343 1977 1432 2005 vox
1483 1969 1610 2006 sonat

218 2025 389 2068 Virum
430 2025 654 2068 videntem
684 2026 844 2068 Deum.
908 2026 1025 2068 Nam
1066 2027 1109 2069 is
1146 2032 1210 2069 est
1245 2029 1414 2083 “vir;’'
1465 2047 1531 2082 ra,
1564 2034 1609 2075 id

209 2097 276 2136 est
309 2094 562 2145 “videns;”
619 2093 666 2143 el,
712 2095 758 2136 id
800 2098 865 2136 est
909 2095 1102 2137 “Deus''
1154 2096 1213 2138 Et
1245 2097 1342 2139 ideo
1374 2099 1486 2142 sicut
1522 2115 1606 2142 res-

208 2162 379 2218 publica
400 2165 526 2204 sonat
557 2162 673 2204 idem
703 2162 970 2218 conjunctim
1002 2166 1046 2205 et
1077 2163 1265 2215 divisim,
1299 2167 1383 2222 ipsi
1418 2169 1606 2211 {estima-

207 2234 366 2273 verunt
397 2231 457 2272 sic
487 2230 535 2271 in
576 2230 657 2272 1100
687 2231 791 2272 1000.
857 2231 943 2274 Sed
973 2246 1062 2273 non
1094 2236 1159 2275 est
1190 2234 1236 2274 in
1268 2236 1470 2277 omnibus
1501 2237 1581 2279 hoc
1598 2255 1607 2290 3

207 2303 259 2341 ut
290 2299 523 2341 Dominus
567 2299 844 2354 conjunctim,
889 2303 932 2341 et
977 2299 1047 2342 Do
1079 2300 1241 2343 minus
1284 2303 1472 2356 divisim,
1520 2320 1607 2347 11011

207 2367 324 2409 idem
371 2367 629 2423 significant.
714 2367 927 2409 Similiter
968 2383 1046 2410 nec
1083 2369 1131 2411 in
1176 2370 1365 2414 Hebraeo
1396 2387 1534 2415 unum
1566 2379 1609 2416 et

206 2437 322 2478 idem
354 2436 573 2492 significat
604 2435 695 2477 haec
725 2450 814 2477 vox
845 2436 997 2478 [smel
1036 2437 1316 2493 conjunctim,
1351 2444 1402 2483 ut
1435 2445 1500 2484 est
1532 2458 1608 2485 no-

208 2519 310 2546 men
342 2504 599 2560 patriarchae
631 2505 661 2546 J
664 2504 797 2557 acob3
830 2508 874 2546 et
921 2505 1110 2558 divisim,
1144 2509 1382 2550 secundum
1415 2512 1530 2565 quod
1562 2513 1609 2553 in

207 2573 296 2613 tria
316 2573 528 2614 vocabula
565 2576 631 2614 est
662 2573 864 2615 divisum.
931 2573 1059 2625 Quod
1094 2579 1284 2629 quatuor
1315 2578 1472 2632 probat
1502 2581 1607 2621 rati—

211 2640 376 2681 onibus.
426 2640 470 2681 N
474 2655 543 2681 am
567 2644 662 2682 octo
694 2645 799 2682 sunt
830 2641 971 2683 literae
995 2642 1227 2685 Hebraioae
1260 2645 1306 2685 in
1337 2660 1441 2687 voce
1472 2647 1607 2688 trium

212 2706 454 2748 dictionum
505 2708 694 2760 illarum,
748 2712 792 2751 et
853 2709 1046 2764 quinque
1098 2713 1276 2752 tantum
1337 2713 1383 2753 in
1434 2715 1608 2757 nomine

210 2775 480 2830 patri-archae.
543 2776 603 2818 Et
644 2777 802 2831 aliquae
833 2781 936 2819 sunt
977 2777 1075 2820 aliae
1106 2782 1151 2820 et
1180 2794 1268 2820 non
1299 2781 1449 2823 eodem
1482 2784 1609 2825 modo

213 2842 434 2885 ordinatae.
519 2843 577 2884 Et
627 2858 784 2886 nomen
831 2845 1090 2900 patriarchae
1132 2847 1265 2890 habet
1305 2853 1493 2903 quatuor
1523 2852 1610 2906 syl-

1307 2927 1431 2966 EE2
