1964 3259
391 273 447 313 84
867 282 1040 314 ROGEm
1071 282 1266 315 BAcoms
1680 274 1795 330 [CAP.

165 395 338 471 ghristen-
448 397 650 441 Secunda
683 413 810 441 causa
842 414 974 455 quare
1009 399 1183 441 ostendi
1215 398 1477 454 sapientiam
1510 401 1653 440 totam
1685 413 1797 440 com-

161 452 207 517 tc?
210 452 253 518 ἷξε
264 443 368 519 ξξίῗέ
385 467 597 522 prehendi
628 468 676 509 in
706 467 800 523 lege
832 468 916 509 Dei
949 468 1179 524 utriusque
1217 467 1489 509 Testamenti
1526 470 1594 508 est
1628 481 1795 509 summe

163 531 367 607 3ζὲῧέἐὶψὸ
383 535 591 587 notanda,
614 538 659 577 et
687 535 800 576 nihil
828 535 876 576 in
906 536 1082 578 ecclesia
1113 536 1197 577 Dei
1229 535 1327 592 plus
1359 536 1490 578 debet
1520 535 1796 577 considerari.

162 620 336 653 contained
384 602 499 655 Quia
528 603 565 645 si
601 603 723 656 fiant,
757 618 854 659 quae
890 619 1032 656 narro,
1071 608 1178 646 tunc
1209 606 1357 646 totum
1403 604 1599 646 studium
1637 603 1793 645 rectifi-

161 663 365 742 {ffrgcgispt-he
382 671 555 713 cabitur
586 687 662 729 per
699 673 901 729 seipsum,
939 676 983 715 et
1020 676 1116 715 tota
1153 672 1332 714 ecclesia
1368 676 1556 728 regetur,
1597 671 1711 713 sicut
1749 671 1795 712 in

163 734 308 802 Hep'rew
381 740 652 797 temporibus
704 744 968 793 sanctorum,
1022 745 1067 783 et
1117 741 1196 783 fiet
1248 756 1337 798 pax
1388 739 1660 792 universalis,
1702 742 1794 781 tam

162 797 266 841 pohty
277 809 355 832 was.
383 809 500 865 apud
552 809 838 852 ecclesiastica
884 810 1064 866 negotia
1105 825 1237 866 quam
1280 809 1399 866 apud
1440 810 1636 866 regimen
1678 808 1798 864 prin-

384 877 529 934 cipum
575 881 620 920 et
661 878 881 920 laicorum.
958 878 1018 919 Et
1061 878 1147 919 nisi
1189 893 1266 934 per
1311 881 1501 920 vestram
1542 878 1654 919 fiant
1701 877 1796 918 haec

383 945 656 1002 sapientiam,
687 960 777 987 non
814 946 942 988 credo
977 946 1094 1002 quod
1130 961 1326 1002 unquam
1363 947 1480 988 fient.
1545 946 1605 988 Et
1642 948 1794 987 tamen

382 1014 692 1070 prophetatum
727 1016 793 1055 est
824 1028 851 1054 a
888 1014 1042 1055 multis
1076 1015 1348 1070 temporibus
1385 1015 1502 1070 quod
1539 1029 1615 1070 per
1650 1028 1791 1055 unum

383 1081 570 1138 Papam¹
610 1082 773 1124 debent
807 1081 904 1123 fieri
940 1096 1038 1137 quae
1075 1083 1263 1124 narrabo
1281 1099 1291 1135 3
1334 1086 1378 1124 et
1415 1082 1545 1124 debet
1587 1082 1661 1123 ille
1704 1096 1795 1123 esse

382 1150 480 1192 istis
522 1150 802 1206 temporibus,
847 1150 959 1192 sicut
991 1150 1173 1192 inferius
1215 1150 1386 1206 magis²
1427 1150 1664 1206 explicabo.
1735 1149 1796 1190 Et

387 1219 505 1275 quod
538 1219 637 1261 volo
674 1219 816 1260 dicere
859 1221 934 1267 est,
972 1219 1087 1274 quod
1124 1219 1319 1276 regimen
1352 1218 1540 1261 ecclesiae
1577 1218 1690 1260 sicut
1720 1232 1797 1274 per

386 1288 527 1344 legem
570 1288 654 1329 Dei
703 1287 937 1343 regebatur
988 1286 1237 1343 antiquitus
1290 1287 1408 1343 apud
1461 1286 1682 1337 Hebraeos,
1736 1286 1796 1327 sic

387 1357 518 1398 debet
562 1370 651 1397 esse
693 1369 810 1396 nunc
851 1355 969 1411 apud
1013 1355 1297 1398 Christianos.
1362 1355 1422 1396 Et
1464 1354 1578 1396 sicut
1619 1354 1665 1395 in
1706 1354 1793 1410 pri-

386 1424 545 1466 mitiva
574 1424 752 1466 ecclesia
772 1424 1008 1480 regebatur
1035 1438 1112 1480 per
1146 1439 1252 1475 eam,
1287 1423 1347 1465 sic
1377 1437 1493 1464 nunc
1524 1422 1658 1464 habet
1690 1422 1793 1478 regi.

387 1493 447 1535 Et
483 1493 519 1534 si
555 1496 653 1535 tota
689 1492 905 1548 sapientia
946 1496 1011 1534 est
1053 1492 1116 1534 ibi
1158 1492 1458 1551 principaliter
1500 1493 1708 1533 contenta
1750 1493 1794 1531 et

382 1560 620 1612 fontaliter,
653 1563 760 1602 tunc
792 1559 1092 1616 principaliter
1123 1561 1179 1602 ad
1212 1561 1358 1601 minus
1396 1560 1526 1601 debet
1563 1574 1640 1615 per
1671 1559 1791 1600 illam

159 1640 232 1673 The
249 1641 331 1674 civi·
381 1629 482 1684 regi.
547 1628 634 1670 Sed
674 1642 791 1669 nunc
832 1642 922 1668 non
964 1630 1030 1669 est
1078 1628 1169 1679 ita3
1217 1643 1321 1670 nam
1362 1628 1459 1683 plus
1500 1627 1707 1669 laudatur
1746 1627 1792 1667 in

155 1685 353 1763 {ffissgdhuffid
381 1697 557 1738 eeclesia
594 1697 677 1737 Dei
714 1710 827 1736 unus
857 1695 1021 1751 jurista
1063 1696 1218 1747 civilis,
1257 1696 1359 1737 licet
1400 1695 1540 1737 solum
1583 1695 1691 1736 sciat
1718 1695 1791 1749 jus

154 1781 248 1815 great
264 1786 343 1808 eon·
380 1765 507 1807 civile
550 1768 594 1806 et
635 1765 808 1819 ignoret
844 1763 917 1819 jus
960 1764 1217 1806 canonicum
1260 1766 1305 1805 et
1346 1763 1623 1819 theologiam,
1659 1777 1790 1818 quam

153 1819 346 1897 iitsriffigff
380 1847 493 1874 unus
529 1832 740 1888 magister
770 1831 816 1872 in
849 1831 1081 1887 theologia,
1107 1835 1151 1873 et
1185 1832 1314 1873 citius
1345 1829 1547 1886 eligitur-³
1572 1831 1628 1872 ad
1660 1831 1789 1872 eccle-

151 1909 277 1941 abuses.
380 1901 574 1942 siasticas
617 1899 865 1955 dignitates.
929 1899 988 1940 Et
1020 1903 1070 1941 ut
1102 1900 1301 1941 videmus
1333 1899 1448 1954 quod
1491 1899 1790 1954 principaliter

379 1969 516 2011 currit
547 1968 741 2025 regimen
769 1968 958 2010 ecclesiae
988 1982 1065 2024 per
1090 1967 1286 2023 juristas,
1315 1971 1360 2009 et
1390 1967 1470 2008 hoc
1498 1982 1575 2022 per
1603 1967 1787 2008 abusum

379 2041 423 2078 et
466 2037 764 2078 cavillationes
795 2035 919 2091 juris,
954 2039 998 2077 et
1041 2039 1191 2077 contra
1223 2036 1335 2091 jura,
1375 2035 1477 2091 quia
1514 2035 1686 2090 injuriae
1723 2036 1788 2076 in-

377 2105 515 2147 finitae
558 2105 673 2146 fiunt
714 2107 915 2161 respectu
966 2104 1097 2145 unius
1143 2104 1345 2159 justitiae,
1390 2106 1435 2144 et
1474 2103 1653 2158 justitia
1693 2107 1785 2145 tam

375 2174 580 2214 tardatur
615 2172 788 2228 ubique,
822 2172 939 2228 quod
976 2187 1184 2228 pauperes
1218 2172 1455 2213 dimittunt
1492 2186 1643 2213 causas
1674 2185 1783 2222 suas,

375 2244 419 2282 et
468 2241 628 2283 divites
670 2241 805 2283 taedio
848 2240 1111 2292 afficiuntur,
1155 2243 1200 2282 et
1243 2242 1486 2296 gravantur
1526 2240 1670 2291 nimis,
1713 2240 1785 2281 1113Ἲι

375 2308 508 2349 etiam
566 2309 797 2350 dimittant
853 2308 1088 2364 saepissime
1134 2308 1209 2363 jus
1267 2323 1405 2357 suum,
1460 2310 1504 2349 et
1556 2307 1783 2348 discordiae

373 2375 560 2418 infinitae
592 2376 860 2418 suscitantur
891 2377 938 2417 in
968 2376 1144 2418 ecclesia
1177 2375 1272 2427 Dei,
1307 2380 1350 2417 et
1384 2389 1473 2431 pax
1506 2374 1677 2416 tollitur
1708 2390 1784 2430 per

368 2442 562 2498 juristas.
641 2444 701 2484 Et
743 2458 832 2486 non
874 2444 1013 2485 solum
1050 2444 1150 2485 lites
1187 2446 1511 2499 promoventur,
1549 2443 1624 2484 sed
1666 2443 1782 2484 bella

375 2525 472 2565 quae
502 2511 768 2567 contingunt
795 2510 843 2551 in
872 2511 991 2552 omni
1019 2526 1152 2567 regno
1185 2511 1351 2553 habent
1380 2514 1525 2553 ortum
1554 2526 1609 2553 ex
1641 2510 1780 2553 abusu

368 2578 518 2634 juris3
571 2578 683 2621 sicut
725 2578 912 2634 quilibet
953 2582 1099 2635 potest
1149 2579 1311 2620 intueri
1364 2580 1438 2634 qui
1490 2580 1591 2621 vult
1641 2580 1779 2622 consi-

420 2810 427 2828 ¹
440 2811 583 2853 papam]
603 2811 733 2851 delevit,
749 2810 788 2845 B.
804 2816 839 2845 ut
855 2812 933 2845 fere.
1151 2813 1163 2830 ³
1178 2810 1319 2853 elz'yz'tur]
1347 2811 1496 2853 eligetur,
1521 2811 1559 2843 T.

417 2864 430 2882 ²
444 2863 562 2907 mayz's]
589 2874 652 2897 om.
677 2864 715 2898 T.
1152 2866 1163 2884 ⁴
1179 2865 1230 2907 ut]
1258 2869 1289 2897 et
1304 2868 1350 2904 ut,
1367 2864 1404 2897 B.
