1964 3259
340 247 426 294 570
879 258 1119 292 APPENDIX.
1152 262 1199 292 11.

399 375 547 418 Minus
597 376 794 419 continet
846 376 1130 430 difficultatis,
1184 379 1301 434 quod
1350 392 1429 434 pro
1481 378 1745 423 Antichristi

336 445 531 487 adventu
582 445 857 487 discutiendo
902 446 1097 502 suggerit
1146 446 1268 489 Baco.
1335 447 1447 489 Cum
1478 449 1745 490 astronomia

335 513 382 554 in
412 514 493 555 hoc
525 513 802 569 potissimum
828 514 1050 564 consistat,
1075 517 1127 557 ut
1159 530 1214 557 ex
1246 515 1299 557 113
1337 531 1435 572 quae
1467 531 1566 558 cum
1599 532 1743 559 116663-

335 582 460 632 sario,
505 585 601 623 tum
648 585 858 637 perpetuo
902 582 1017 623 fiunt
1062 582 1111 623 in
1154 583 1284 634 coelis,
1335 587 1520 626 aetatum
1552 599 1601 627 ac
1631 588 1742 627 tem—

334 665 489 705 porum
539 649 769 701 rationem,
803 653 849 692 et
893 653 1146 706 computum
1198 652 1411 703 conficiat,
1459 653 1562 695 hinc
1612 657 1743 709 putat

335 718 450 759 Baco
492 718 713 760 neminem
775 733 899 775 posse
947 720 1215 761 commodius
1261 721 1527 763 Anticlnisti
1569 725 1742 804 1611111113

333 786 615 838 consideraie,
650 802 781 843 quam
814 788 1092 830 astronomiae
1124 789 1327 844 peritum.
1394 789 1483 830 N
1489 788 1640 840 ullus
1674 791 1739 832 in-

334 855 431 911 quit
474 870 571 911 pag.
622 854 690 906 87,
725 860 749 878 “
769 859 916 912 potest
959 856 1196 898 certificaie
1244 856 1297 899 de
1339 857 1623 914 temporibus,
1655 859 1741 900 nisi

335 928 358 945 “
389 926 677 975 astronomus,
725 939 805 966 nec
849 924 995 980 aliqua
1042 925 1225 967 scientia
1268 926 1403 967 habet
1451 927 1504 968 de
1550 926 1619 968 his
1651 942 1738 969 cer-

334 995 358 1014 “
390 992 568 1044 tificare,
620 993 706 1033 nisi
758 991 1060 1034 astronomia.’'
1136 993 1248 1035 Tum
1301 994 1442 1050 aperit
1493 995 1611 1036 Viam
1662 1011 1740 1052 per

332 1074 463 1115 quam
514 1075 583 1101 ars
635 1060 722 1102 ista
773 1061 928 1102 mundi
979 1063 1134 1103 aetates
1186 1062 1241 1102 ad
1293 1062 1476 1104 calculos
1528 1067 1735 1106 revocat:

332 1132 355 1150 “
387 1127 525 1169 Nulla
545 1143 649 1170 vero
672 1127 893 1178 scientia,”
925 1128 990 1170 ait
1015 1143 1111 1185 pag.
1137 1131 1206 1181 88,
1233 1132 1414 1185 “potest
1436 1130 1507 1171 hic
1527 1130 1737 1184 invenire,

334 1201 356 1217 “
387 1211 465 1238 nec
508 1197 642 1239 habet
689 1197 805 1238 unde
850 1197 1012 1252 cogitet
1056 1198 1109 1238 de
1161 1200 1289 1239 tanta
1336 1197 1609 1249 certitudine,
1654 1199 1739 1240 nisi

333 1270 355 1286 “
386 1265 665 1316 astronomia,
700 1265 822 1321 cujus
865 1268 930 1307 est
961 1265 1233 1307 considerare
1263 1266 1556 1307 revolutiones
1589 1269 1737 1318 certas,

334 1338 355 1354 “
388 1337 432 1375 et
468 1337 586 1375 ratas
617 1333 851 1389 eclipsium,
899 1336 944 1375 et
988 1333 1340 1389 conjunctionem
1372 1334 1659 1390 planetarum,
1694 1340 1739 1378 et

332 1404 642 1443 “caeterarum
692 1401 1019 1443 revolutionum
1080 1401 1333 1453 coelestium,
1382 1406 1527 1444 stante
1589 1403 1739 1446 ordine

333 1473 356 1491 “
387 1469 595 1512 naturae.”
658 1470 745 1512 Η16
776 1470 909 1511 etiam
956 1469 1083 1511 nobis
1124 1484 1218 1511 eam
1257 1471 1537 1513 astronomiae
1567 1475 1737 1527 partem

330 1538 532 1590 inculcat,
579 1553 676 1594 quae
726 1542 823 1581 tota
879 1539 926 1579 in
981 1552 1030 1580 eo
1082 1542 1159 1588 est,
1214 1541 1264 1580 ut
1316 1538 1493 1581 effectus
1545 1540 1634 1581 suis
1690 1541 1736 1581 in

330 1607 470 1648 causis
503 1607 772 1658 consideret3
824 1610 868 1648 et
900 1621 998 1661 quae
1031 1620 1085 1647 ex
1118 1606 1203 1647 11113
1235 1621 1449 1649 annorum
1481 1612 1736 1664 computum

330 1674 457 1716 elicit.
520 1674 565 1716 N
567 1689 740 1716 auseam
772 1673 964 1730 profecto
995 1673 1231 1715 faceremus
1263 1674 1527 1727 Aristarcho,
1561 1677 1608 1727 si,
1640 1692 1737 1732 quae

330 1757 461 1798 supra
490 1742 571 1784 hac
623 1743 675 1784 (16
719 1756 765 1784 re
807 1742 1012 1792 diximus,
1048 1742 1191 1784 denuo
1243 1757 1579 1800 recoqueremus.
1642 1744 1736 1787 Nos

331 1810 448 1852 haud
495 1811 616 1860 latet,
651 1825 781 1866 quam
823 1810 1000 1865 judicio,
1034 1813 1168 1866 atque
1220 1812 1327 1853 adeo
1359 1812 1567 1854 memoria
1598 1814 1738 1856 excel*

329 1878 422 1920 16113
474 1878 533 1920 311
583 1893 744 1920 censor.
838 1878 1000 1920 Sumus
1067 1879 1263 1921 contenti
1334 1881 1485 1931 solum,
1543 1883 1593 1923 ut
1645 1897 1735 1938 prae

332 1946 466 1989 oculis
513 1946 753 2002 Aquinatis
786 1946 1028 1989 doctrinam
1078 1947 1249 1989 habeat.
1314 1946 1477 1990 Verum
1509 1952 1561 1991 ut
1591 1964 1735 1992 rever-

329 2017 476 2056 tamur
506 2016 563 2056 ad
595 2015 823 2066 Baconem‚
857 2029 946 2057 non
993 2014 1225 2057 defuerunt
1269 2016 1520 2068 astronomi,
1554 2018 1629 2073 qui
1660 2033 1737 2074 per

330 2083 441 2125 hanc
477 2083 607 2134 viam,
642 2098 773 2139 quam
805 2083 1027 2140 significat
1059 2083 1185 2134 Baco,
1218 2084 1364 2125 varias
1396 2084 1551 2126 mundi
1583 2089 1736 2128 &etates

330 2151 564 2207 exspiscati
595 2151 787 2193 fuerint:
870 2151 1025 2193 “Nam
1061 2151 1325 2194 Ptolomaeus
1364 2151 1413 2193 in
1445 2153 1737 2210 Almagesto,”

330 2219 477 2275 inquit
521 2234 615 2276 pag.
650 2222 718 2270 88,
766 2219 1014 2261 “certificat
1060 2234 1139 2261 nos
1173 2220 1226 2261 de
1268 2223 1463 2277 tempore
1509 2236 1535 2263 a
1582 2221 1736 2264 Nabu-

333 2293 354 2308 “
386 2287 654 2330 chodonosor
685 2302 822 2344 usque
855 2288 911 2329 ad
942 2288 1258 2339 Alexandrum,
1282 2292 1327 2331 et
1358 2289 1413 2331 ab
1437 2303 1486 2331 eo
1508 2304 1645 2345 usque
1676 2291 1734 2332 ad

331 2360 353 2377 “
388 2355 680 2397 Octavianum
726 2356 990 2412 Augustum,
1036 2359 1080 2397 et
1123 2356 1179 2397 ab
1226 2371 1275 2398 eo
1317 2371 1452 2412 usque
1496 2358 1552 2399 ad
1600 2357 1731 2399 Adri-

333 2427 354 2443 “
386 2437 520 2463 anum
562 2423 814 2478 principem.
880 2423 939 2464 Et
971 2423 1148 2465 ecclesia
1185 2426 1307 2465 tenet
1344 2425 1460 2479 quod
1493 2425 1585 2466 xlii.
1617 2440 1732 2467 anno

332 2495 355 2512 “
387 2490 579 2546 Augusti
610 2490 695 2532 fuit
727 2491 944 2532 Dominus
975 2494 1114 2532 natus,
1209 2491 1486 2547 Quapropter
1515 2506 1593 2547 per
1623 2492 1734 2534 hanc

332 2563 354 2580 “
385 2558 505 2600 viam
537 2558 806 2600 certificatur
836 2558 1027 2602 multum
1055 2550 1243 2614 'tempus
1274 2573 1300 2600 a
1331 2559 1736 2602 Nabuchodonosor

332 2630 521 2681 “usque
567 2627 623 2668 ad
671 2626 907 2668 Christum.
972 2625 1031 2667 Et
1063 2626 1100 2668 si
1131 2626 1451 2668 consideremus
1494 2628 1735 2671 sententias

332 2699 355 2715 “
386 2694 656 2736 Albumasar
686 2695 733 2736 in
774 2694 887 2736 libro
921 2693 1302 2750 Conjunctionum,
1336 2695 1586 2737 Videbimus
1618 2697 1734 2752 quod

332 2767 354 2783 “
385 2762 476 2818 ipse
519 2762 644 2818 ponit
688 2762 951 2819 principium
984 2764 1137 2804 mundi
1182 2766 1227 2805 et
1270 2763 1458 2820 primum
1499 2763 1730 2815 hominem,

332 2835 352 2850 ‘⁶
387 2844 439 2871 36.
472 2830 627 2879 Adam,
662 2833 706 2872 et
754 2830 809 2872 ab
853 2845 902 2872 eo
944 2834 1146 2874 numerat
1193 2846 1330 2877 annos
1366 2846 1502 2888 usque
1533 2832 1588 2874 ad
1620 2832 1730 2874 dilu-
