1964 3259
762 266 876 298 orus
907 267 1063 297 MINUS.
1529 256 1612 297 335

214 384 238 402 “
269 381 399 422 modo
422 381 650 431 convertit,
674 380 796 436 cujus
817 380 1009 421 editione
1038 379 1299 435 generaliter
1320 392 1467 420 omnes
1489 378 1616 419 eccle-

215 454 238 470 “
269 450 344 492 siae
365 452 567 501 utuntur,
590 463 668 504 pro
697 463 747 490 eo
779 448 895 502 quod
926 447 1121 488 veracior
1152 447 1209 488 sit
1240 447 1286 487 in
1308 446 1539 487 sententiis
1570 449 1614 488 et

216 522 237 539 “
270 518 424 559 clarior
454 518 502 558 in
530 515 716 566 verbis‚’'
752 530 830 571 per
861 515 1129 570 exemplaria
1166 515 1306 556 sancti
1339 514 1541 570 Gregorii
1572 517 1617 555 et

215 585 326 641 regis
358 585 523 626 Karoli.
588 584 649 625 Et
679 582 1020 624 innumerabiles
1051 582 1149 624 aliae
1181 582 1337 624 Bibliae
1367 596 1445 638 per
1475 582 1619 623 diver-

215 668 283 695 sas
334 654 543 709 regiones,
591 666 688 707 quae
741 651 920 693 fuerunt
972 654 1166 706 tempore
1217 650 1376 692 Isidori
1421 653 1466 692 et
1516 652 1618 691 ante

216 736 327 773 eum,
352 722 494 763 adhuc
526 722 784 776 permanent
816 720 908 761 sine
941 719 1216 775 corruptione
1242 735 1251 770 3
1284 722 1329 760 et
1349 719 1397 760 in
1418 719 1619 759 omnibus

214 789 488 838 concordant,
524 788 610 829 nisi
644 788 705 830 sit
738 787 899 828 vitium
933 786 1165 842 scriptoris,
1202 801 1286 842 quo
1323 786 1441 827 nulla
1476 786 1618 841 Scrip-

214 860 315 898 tura
350 871 491 898 carere
527 859 681 912 potest.
747 855 1022 911 Quapropter
1044 855 1080 897 si
1101 858 1295 911 tempore
1319 854 1475 896 Isidori
1497 869 1586 896 usae
1607 853 1618 876 ¹

216 928 321 965 sunt
358 939 505 966 omnes
528 923 716 965 ecclesiae
750 924 1013 980 generaliter
1034 923 1322 965 translatione
1347 922 1619 978 Hieronymi,

216 996 387 1048 oportet
429 992 546 1047 quod
589 992 732 1033 adhuc
769 992 920 1034 eadem
955 992 1012 1033 sit
1046 991 1275 1033 translatio
1309 991 1356 1032 in
1397 1006 1489 1041 usu,
1523 1005 1620 1032 cum

215 1061 366 1103 eadem
398 1060 663 1116 exemplaria
695 1064 739 1102 et
772 1061 932 1101 similia
962 1062 1190 1102 remanent
1220 1059 1391 1114 ubique.

277 1129 457 1181 Iterum,
491 1129 538 1169 in
562 1128 791 1170 Chronicis
823 1143 921 1183 quae
952 1128 1155 1179 Eusebio,
1184 1130 1228 1170 et
1253 1126 1539 1183 Hieronymo,
1577 1130 1622 1169 et

216 1211 364 1238 eorum
396 1197 711 1239 successoribus
753 1197 1043 1246 ascribuntur,
1078 1210 1277 1252 expresse
1315 1195 1476 1236 dicitur
1507 1195 1622 1250 quod

218 1265 419 1320 quamvis
455 1264 541 1306 viri
575 1264 788 1316 catholici,
828 1267 874 1306 et
904 1265 1054 1314 sancti,
1092 1267 1136 1305 et
1172 1263 1339 1305 literati
1385 1277 1497 1319 aegre
1541 1262 1623 1304 fer-

217 1336 317 1374 rent
359 1333 475 1387 quod
505 1332 736 1374 translatio
779 1335 909 1374 vetus
943 1333 1114 1373 caderet
1165 1332 1221 1373 ab
1273 1345 1356 1372 usu
1401 1331 1622 1381 Hebraici,

219 1404 369 1442 tamen
397 1400 559 1442 veritas
591 1400 824 1456 praevaluit
845 1415 977 1455 quam
1000 1400 1302 1455 Hieronymus
1323 1400 1620 1441 transtulerat.

221 1468 281 1509 Et
312 1469 392 1510 hoc
425 1468 661 1510 certissime
694 1468 869 1524 probari
900 1471 1045 1524 potest
1076 1482 1152 1524 per
1183 1468 1451 1509 diversarum
1482 1471 1625 1509 trans-

221 1537 437 1577 lationum
469 1536 867 1578 considerationem.
935 1536 1052 1576 Nam
1092 1536 1389 1590 Hieronymus
1410 1539 1454 1576 et
1477 1550 1624 1577 omnes

221 1604 486 1646 concordant
508 1604 554 1644 in
576 1604 666 1653 hoc,
692 1604 808 1658 quod
828 1606 1004 1645 tantum
1032 1604 1211 1645 fuerunt
1245 1606 1341 1644 octo
1377 1604 1624 1645 translatio-

219 1687 296 1713 nes
346 1672 606 1727 principales
659 1671 896 1713 secundum
953 1671 1257 1713 diversitatem
1319 1671 1623 1728 interpretum,

218 1744 456 1795 antequam
478 1740 777 1794 Hieronymus
809 1754 932 1782 suain
965 1739 1103 1781 edidit
1135 1754 1190 1781 ex
1213 1739 1414 1782 Hebraeo.
1478 1740 1625 1781 Prima

220 1809 305 1850 suit
347 1809 428 1850 sub
466 1808 720 1850 Alexandro
768 1808 980 1863 Principe,
1013 1808 1134 1849 nulla
1164 1809 1342 1849 virtute.
1412 1808 1623 1858 Secunda,

220 1881 272 1918 ut
293 1878 357 1918 ait
378 1876 408 1918 J
411 1877 609 1932 osephus,
631 1891 708 1931 per
731 1875 1024 1932 Septuaginta
1045 1876 1306 1931 interpretes
1328 1876 1544 1931 expedita,
1569 1876 1623 1916 ad

221 1945 482 2000 petitionem
514 1944 745 1985 Ptolomaei
777 1943 1063 1998 Philadelphi,
1097 1944 1209 1999 regis
1235 1944 1526 1995 Alexandriae,
1550 1958 1626 1998 per

220 2012 381 2053 multos
423 2012 677 2053 centesimos
721 2026 935 2052 annorum
987 2014 1090 2052 ante
1134 2011 1486 2053 Incarnationem
1529 2012 1624 2053 fuit.

220 2079 369 2121 Tertia
410 2079 583 2134 Aquflae
625 2082 776 2135 postea
819 2077 1080 2120 Tl1e0c'losii.2
1145 2079 1315 2131 Quarta
1358 2079 1622 2135 Symmachi.

223 2148 400 2199 Quinta,
422 2150 473 2188 ut
505 2147 611 2188 dicit
641 2147 797 2188 beatus
820 2147 1106 2203 AugustinUS,
1129 2147 1393 2189 octodecimo
1416 2147 1483 2189 De
1506 2148 1625 2190 Civi-

222 2219 314 2257 tate
351 2214 469 2267 Dei,3
504 2215 592 2257 fuit
622 2215 929 2271 interpretatio
961 2215 1083 2270 cujus
1115 2219 1266 2257 auctor
1296 2230 1384 2257 non
1413 2220 1592 2271 apparet
1617 2234 1626 2268 3

223 2287 268 2326 et
297 2284 353 2325 ab
383 2283 474 2333 hoc,
497 2283 597 2325 siue
629 2283 819 2325 ‘nomine
850 2283 1125 2339 interpretis,
1158 2288 1466 2339 nuncupatui-3
1497 2299 1626 2339 quam

222 2352 278 2393 ab
301 2351 480 2407 Origine
518 2352 671 2393 dicunt
700 2351 927 2393 inventam
962 2352 1094 2393 fuisse
1131 2351 1179 2392 in
1209 2351 1339 2393 Actio
1380 2352 1542 2405 littore,
1576 2356 1627 2394 ut

225 2419 525 2475 Hieronymus
569 2420 616 2461 in
660 2418 890 2475 Epistola4
933 2420 990 2461 ad
1034 2420 1246 2475 Magnum
1295 2420 1536 2471 Oratorem,
1582 2425 1626 2462 et

226 2486 442 2529 Rufinus⁵
473 2487 682 2529 adversus
705 2488 1029 2544 Hieronymum
1053 2488 1250 2529 scribunt
1268 2505 1277 2541 ;
1309 2489 1511 2544 quamvis
1533 2489 1626 2530 Ma-

272 2647 280 2664 ¹
298 2647 380 2688 usae]
400 2646 461 2684 usi,
480 2647 553 2679 MS.
1005 2649 1017 2666 ³
1033 2647 1089 2678 De
1109 2647 1250 2678 Civitate
1267 2646 1352 2688 Dei]
1381 2658 1408 2680 0.
1429 2651 1481 2679 43.

270 2699 283 2716 ²
303 2697 486 2741 Theodosii]
515 2702 534 2716 “
550 2700 623 2741 lege
640 2698 808 2730 translatio
824 2698 893 2731 (ιῖῐα
1006 2700 1016 2716 '³
1032 2698 1203 2740 Epistola]
1230 2700 1291 2739 Ep.
1304 2699 1374 2730 lxx.
1394 2713 1432 2723 =
1448 2703 1499 2731 84.

227 2753 246 2769 ‘⁴
261 2751 335 2792 suit
350 2751 487 2792 Aquilae,
509 2757 622 2793 postea
643 2751 894 2789 Theodotionis‚”
1007 2752 1018 2769 ⁵
1034 2752 1193 2793 Rufinus]
1228 2751 1277 2783 Cf.
1314 2751 1479 2793 Apologia
1506 2751 1626 2785 Hiero-

228 2803 340 2845 Hody.
386 2802 642 2837 Translationem
658 2804 798 2846 Aquilae,
824 2805 894 2844 &c.,
962 2804 1057 2847 nymi
1074 2805 1147 2836 adv.
1170 2804 1210 2836 R.
1228 2803 1261 2836 ii.
1280 2803 1298 2846 ξ
1313 2807 1368 2846 26,
1383 2807 1435 2836 39.
