1964 3259
186 256 281 313 XX]
692 271 808 304 orus
838 271 1051 304 TERTIUM.
1521 261 1575 306 67

180 383 357 439 ignorat
407 387 680 442 potestatem.
761 386 821 428 Et
861 386 942 428 hoc
972 386 1139 427 factum
1184 388 1250 429 est
1292 389 1444 428 contra
1486 385 1577 428 dies

180 451 456 505 Antichristi,
489 457 540 496 ut
569 454 752 496 tollatur
790 453 910 496 tota¹
952 453 1168 509 sapientia
1198 453 1493 510 philosophiae,
1532 458 1577 496 et

179 534 255 574 per
296 535 558 578 consequens
603 521 842 578 theologiae,
876 525 1093 577 quantum
1124 524 1190 564 est
1221 521 1270 563 in
1301 521 1575 578 expositione

180 586 426 645 Scripturae.
488 590 606 631 Nam
635 592 786 632 textus
806 589 910 645 ipse,
933 592 979 631 et
1000 590 1294 645 expositiones
1326 593 1575 632 sanctorum

177 660 282 698 sunt
323 658 462 714 plenae
502 657 704 710 numeris,
736 660 782 700 et
822 657 988 714 figuris,
1030 665 1074 700 et
1120 657 1289 700 caeteris
1335 657 1576 701 mathema-

178 723 277 766 ticis
318 725 682 781 consequentibus
722 725 778 767 ad
819 725 923 777 haec,
955 728 1007 767 ut
1038 739 1117 782 ego
1148 726 1284 782 probo
1326 725 1376 767 in
1418 724 1577 781 Majori

178 791 351 848 Opere,2
380 793 668 850 comparando
699 793 1055 836 mathematicam
1086 794 1144 835 ad
1173 793 1450 850 theologiam.
1513 793 1576 835 Et

176 863 299 915 patet
344 861 568 904 evidenter
608 876 685 918 per
714 861 932 904 rationem
964 861 1202 918 Scripturae
1244 865 1290 904 et
1330 862 1379 903 in
1409 861 1578 918 exposi-

174 927 368 970 tionibus
389 932 638 972 sanctorum
658 946 668 982 ;
704 933 749 972 et
769 929 850 972 hoc
871 933 1070 972 asserunt
1091 930 1244 982 sancti,
1277 930 1388 973 sicut
1410 930 1577 987 copiose

175 996 309 1051 probo
354 1012 431 1053 per
480 998 763 1040 auctoritates
814 1012 964 1040 eorum
1019 998 1346 1055 pulcherrimas,
1399 1002 1444 1040 et
1497 1013 1574 1054 per

176 1065 375 1121 exempla
405 1067 600 1108 omnium
642 1081 668 1108 a
698 1066 912 1123 principio
943 1066 1109 1109 mundi.
1187 1066 1305 1109 Nam
1336 1066 1477 1108 sancti
1509 1066 1576 1107 in-

174 1136 390 1175 venerunt
420 1134 777 1177 mathematicam
809 1138 855 1177 et
891 1134 1147 1187 docuerunt,
1190 1138 1243 1177 ut
1294 1135 1487 1187 ostendo,
1531 1137 1577 1176 et

174 1204 272 1256 post
315 1201 542 1244 Christum
594 1203 707 1245 sicut
747 1205 861 1245 ante.
942 1203 1004 1246 Et
1044 1203 1165 1245 scitis
1206 1203 1358 1259 figuris
1400 1206 1445 1245 et
1495 1217 1577 1243 nu-

175 1269 305 1311 meris
336 1284 564 1326 possumus
604 1271 752 1313 omnia
791 1271 899 1314 scire
929 1271 982 1313 de
1013 1271 1160 1323 facili;
1202 1271 1306 1327 quia
1336 1274 1434 1313 tota
1464 1270 1579 1326 sapi-

176 1337 299 1379 entia
351 1338 444 1381 exit
499 1339 555 1380 ab
608 1339 670 1381 eis
721 1339 834 1381 sicut
896 1353 923 1381 a
973 1339 1204 1391 radicibus,
1261 1341 1306 1381 et
1353 1353 1430 1395 per
1485 1337 1578 1381 haec

177 1404 436 1458 declaratur,
468 1406 583 1450 sicut
617 1409 742 1463 patet
783 1421 838 1449 ex
868 1407 922 1449 iis
958 1422 1057 1463 quae
1088 1407 1232 1450 mitto.

744 1655 851 1699 CAP.
887 1655 1012 1698 XXI.

235 1794 353 1836 POST
398 1793 490 1837 haec
536 1796 581 1836 et
623 1793 872 1850 hujusmodi
916 1792 1082 1834 tradita
1126 1791 1174 1833 in
1206 1790 1346 1847 Opere
1377 1789 1576 1834 Secundo
1595 1797 1669 1831 The
1686 1807 1777 1833 same

174 1862 316 1919 incepi
347 1862 603 1905 descendere
639 1861 695 1903 ad
727 1864 873 1917 partes
915 1860 1070 1916 Operis
1104 1859 1243 1901 Primi
1274 1862 1453 1915 propter
1486 1874 1577 1901 ma·
1592 1853 1785 1921 ξξζξὲζῖἢᾱ

168 1931 310 1985 jorem
342 1930 434 1986 ejus
465 1930 745 1980 evidentiam,
778 1931 822 1970 et
852 1931 904 1969 ut
933 1928 1088 1969 melius
1118 1930 1443 1983 cognosceretur
1484 1927 1577 1983 ejus
1593 1929 1737 1982 influced

174 1997 361 2040 intentio
392 2001 437 2039 et
467 1997 658 2053 partium
701 1995 935 2047 distinctio,
969 1998 1014 2037 et
1045 1994 1170 2050 quasi
1200 1995 1248 2036 in
1279 2009 1448 2036 summa
1477 2009 1577 2050 gus·
1592 1975 1735 2061 {gffilffie

173 2068 343 2107 taretur
378 2067 423 2106 et
453 2064 502 2106 in
533 2064 721 2120 quodam
764 2063 1030 2119 compendio,
1068 2063 1184 2118 quod
1215 2062 1305 2105 late
1335 2063 1383 2104 in
1416 2063 1575 2118 Majori
1592 2064 1650 2114 his.
1661 2064 1754 2106 Opus

175 2133 316 2189 Opere
359 2135 426 2174 est
455 2135 704 2174 tractatum.
781 2131 841 2173 Et
886 2131 966 2173 hoc
1011 2130 1227 2187 praecipue
1269 2130 1351 2173 feci
1396 2134 1574 2187 propter
1590 2107 1639 2184 ἐξ
1636 2109 1796 2184 31ξὲῗᾷ

173 2201 474 2257 occupationes
504 2203 682 2252 vestras,
704 2202 756 2241 ut
786 2199 963 2241 brevius
994 2198 1203 2241 videretis
1233 2198 1437 2240 articulos
1458 2199 1572 2240 veri·
1589 2197 1731 2273 &sigon
1747 2197 1787 2229 of

171 2273 315 2311 tatum
346 2268 484 2310 Primi
516 2268 699 2324 Operis3
731 2270 945 2323 quatenus
978 2281 1113 2322 quum
1145 2269 1317 2322 tempus
1353 2266 1572 2308 haberetis
1595 2250 1759 2319 Tgrtizfriff

170 2338 360 2380 rationes
391 2339 436 2379 et
466 2350 616 2378 causas
647 2350 807 2388 earum,
840 2335 888 2376 in
916 2337 1109 2377 tractatu
1140 2334 1307 2389 majori,
1330 2334 1571 2390 conspicere

171 2405 361 2462 possetis¹
440 2404 500 2446 Et
545 2403 579 2446 si
628 2403 815 2445 forsitan
857 2403 1130 2458 contingeret
1175 2405 1353 2458 propter
1394 2403 1569 2444 viarum

171 2474 371 2530 pericula,
393 2476 445 2514 ut
481 2472 759 2514 amitteretur
789 2471 908 2527 Opus
931 2470 1085 2526 Majus,
1121 2470 1193 2512 hic
1224 2470 1441 2512 haberetis
1478 2470 1569 2526 ejus

170 2541 469 2594 intentionem,
511 2543 564 2582 ut
603 2554 630 2582 a
680 2554 750 2581 me
790 2538 862 2582 vel
902 2539 958 2581 ab
999 2538 1084 2580 alio
1134 2538 1339 2595 peteretis
1380 2538 1568 2581 declara-

213 2805 223 2824 ¹
241 2804 323 2848 tota]
349 2814 412 2837 om.
436 2803 475 2838 B.
491 2803 535 2837 U.
945 2802 957 2821 2
980 2799 1110 2843 Majori
1147 2799 1269 2843 Opere]
1313 2799 1404 2842 Opus
1443 2800 1564 2841 Maius,

899 2864 929 2896 p.
951 2857 1021 2886 108.

1300 2916 1385 2956 ΕΞ
