1964 3259
200 251 324 307 Lxx]
728 261 844 292 opus
886 260 1099 291 TERTIUM.
1527 251 1612 291 283

197 381 241 419 et
303 378 390 419 illis
449 378 650 420 addimus
701 382 867 434 septem
928 377 1175 418 lunationes
1227 377 1274 417 in
1326 378 1420 417 toto
1482 377 1600 431 cyclo

197 446 546 497 decennovenali,
589 447 646 488 ad
686 445 1048 488 restaurationem
1090 444 1283 486 defectus
1325 443 1401 500 qui
1443 444 1602 486 accidit

196 514 423 557 duodecim
484 515 785 556 lunationibus
836 516 1036 569 respectu
1088 512 1317 554 duodecim
1384 512 1601 554 mensium

197 584 401 625 solarium
432 583 479 624 in
510 597 624 625 anno
656 582 816 633 solari3
849 582 952 638 quia
982 596 1122 623 annus
1153 581 1333 633 lunaris,
1363 580 1602 623 consistens

198 666 254 693 ex
297 651 524 694 duodecim
566 651 880 702 lunationibus,
925 664 1014 691 non
1058 650 1193 692 habet
1251 649 1338 690 nisi
1387 652 1603 692 trecentos

197 719 521 776 quinquaginta
572 722 762 774 quatuor
806 718 898 760 dies
944 719 1151 774 integros,
1186 725 1231 760 et
1275 717 1428 760 solaris
1468 717 1603 760 habet

196 788 396 830 undecim
417 789 572 844 plures,
595 802 698 829 nam
721 787 854 829 habet
875 790 1092 829 trecentos
1124 786 1356 842 sexaginta
1378 786 1571 841 quinque
1594 802 1602 838 3

196 859 242 898 et
280 856 378 898 ideo
425 871 567 898 annus
598 856 765 898 lunaris
812 856 943 897 citius
983 855 1140 897 finitur
1171 870 1302 911 quam
1345 854 1496 897 solaris
1528 869 1603 911 per

196 925 398 966 undecim
442 925 542 966 dies.
606 924 666 966 Et
697 928 802 966 tunc
842 925 1111 980 colliguntur
1152 924 1227 966 isti
1265 923 1467 966 undecim
1511 924 1603 965 dies

194 993 403 1049 superflui
441 1007 578 1048 usque
610 994 665 1035 ad
696 993 879 1035 tertium
922 1008 1098 1044 annum,
1133 996 1178 1036 et
1213 993 1266 1036 fit
1302 1008 1391 1035 una
1432 993 1602 1034 lunatio

196 1075 273 1102 seu
333 1061 492 1103 mensis
543 1062 718 1104 lunaris.
802 1061 861 1104 Et
913 1062 973 1103 sic
1025 1062 1071 1103 in
1128 1062 1261 1104 tertio
1314 1076 1430 1104 anno
1492 1062 1601 1117 cycli

195 1130 444 1186 apponitur
461 1145 573 1172 unus
609 1130 770 1172 mensis
800 1131 976 1182 lunaris,
1010 1134 1056 1172 et
1087 1134 1270 1173 vocatur
1301 1129 1601 1181 embolismus,

197 1203 241 1240 et
288 1214 429 1240 annus
476 1199 795 1249 embolismalis,
848 1199 895 1240 id
941 1202 1018 1249 est,
1052 1213 1444 1256 superexcrescens,
1499 1199 1602 1254 quia

196 1267 330 1309 habet
381 1268 588 1309 tredecim
638 1267 895 1318 lunationes,
949 1271 994 1309 et
1053 1268 1112 1309 sic
1162 1268 1281 1309 ultra
1331 1282 1406 1323 per
1456 1270 1600 1308 totum

197 1336 366 1390 cyclum
397 1350 564 1391 semper
595 1336 859 1392 colliguntur
889 1335 964 1377 isti
1000 1350 1168 1377 menses
1200 1335 1527 1385 embolismales,
1550 1339 1601 1377 ut

198 1404 310 1445 fiant
347 1404 453 1445 anni
500 1404 827 1456 embolismales,
867 1407 1084 1460 quatenus
1129 1405 1275 1460 cyclus
1322 1403 1601 1446 lunationum

197 1472 555 1514 decennovenalis
577 1476 775 1528 aequetur
794 1473 1078 1514 novendecim
1101 1473 1228 1514 annis
1249 1472 1469 1514 solaribus.
1514 1473 1601 1515 Sed

195 1540 316 1582 istud
358 1544 423 1582 est
463 1540 762 1597 impossibile:
803 1555 907 1582 nam
948 1541 1187 1583 secundum
1223 1541 1513 1583 Ptolomaeum
1554 1541 1600 1583 in

196 1607 451 1664 Almagesti,
474 1612 520 1650 et
551 1623 698 1651 omnes
730 1608 1033 1661 astronomos,¹
1057 1609 1218 1651 mensis
1239 1609 1407 1651 lunaris
1427 1609 1601 1666 proprie

197 1691 286 1717 non
329 1680 394 1718 est
425 1676 481 1718 ad
512 1677 725 1720 visionem
757 1692 884 1720 novae
922 1678 1050 1729 lunae,
1085 1678 1188 1733 quia
1218 1678 1299 1720 hoc
1330 1681 1504 1735 tempus
1535 1682 1602 1721 est

196 1744 421 1800 inaequale,
457 1745 591 1801 quia2
638 1746 872 1801 aliquando
916 1746 964 1788 in
1007 1761 1135 1788 mane
1180 1746 1375 1802 ejusdem
1412 1747 1500 1789 diei
1535 1750 1602 1789 est

195 1813 410 1855 novacula
440 1814 601 1855 veteris
643 1814 772 1867 lunae,
816 1818 861 1856 et
904 1815 951 1856 in
994 1829 1173 1871 vespere
1217 1815 1431 1857 novacula
1454 1808 1600 1858 'novae

194 1881 319 1932 hmae,
354 1881 426 1923 et3
459 1882 695 1937 aliquando
727 1886 793 1924 est
836 1882 1026 1939 spatium
1059 1884 1243 1924 duarum
1275 1883 1445 1924 dierum
1485 1883 1602 1925 inter

196 1964 279 2001 eas,
313 1946 370 1991 et'
402 1950 639 2005 aliquando
675 1954 764 1993 tres
796 1951 887 1992 dies
927 1945 1282 2007 intercipiuntur⁷
1329 1955 1381 1993 ut
1420 1952 1599 2008 planum

197 2022 263 2059 est
299 2018 444 2060 sensui
491 2022 535 2060 et
584 2033 723 2062 causae
765 2019 820 2061 ab
861 2020 1121 2062 astronomis
1163 2020 1449 2076 assignantur.
1514 2020 1600 2062 Sed

198 2100 367 2128 mensos
397 2086 560 2128 debent
591 2087 765 2143 aequari.

260 2153 375 2196 Item
421 2169 499 2196 nec
545 2170 571 2196 a
615 2155 922 2210 conjunctione
966 2156 1067 2198 solis
1113 2160 1159 2199 et
1202 2156 1321 2199 lunae
1361 2156 1597 2200 secundum

197 2238 346 2265 eorum
383 2238 558 2266 cursum
589 2238 753 2275 verum,
802 2225 905 2281 quia
936 2225 1017 2267 hoc
1048 2228 1220 2281 tempus
1261 2229 1326 2268 est
1357 2226 1599 2283 inaequale3

197 2295 243 2333 et
286 2292 385 2333 ideo
428 2292 776 2335 considerabitur
825 2307 956 2350 penes
1000 2294 1352 2349 conjunctionem
1405 2296 1505 2337 solis
1555 2299 1600 2338 et

196 2360 324 2412 lunae,
358 2361 594 2403 secundum
636 2362 864 2418 utriusque
909 2376 1058 2405 eorum
1108 2377 1282 2404 cursum
1319 2364 1513 2405 medium
1556 2369 1601 2407 et

198 2429 410 2485 {equalem
426 2445 437 2482 ;
479 2430 583 2485 quia
624 2430 705 2472 hoc
747 2434 918 2487 tempus
962 2434 1028 2473 est
1073 2431 1239 2487 aequale
1283 2435 1328 2474 et
1372 2433 1598 2475 uniforme.

198 2498 258 2539 Et
301 2498 537 2540 secundum
581 2499 698 2555 quod
739 2499 897 2555 probat
933 2499 1197 2543 Ptolomaeus
1240 2500 1285 2541 in
1344 2500 1601 2558 Almagesti,

196 2565 276 2608 hoc
315 2569 488 2623 tempus
519 2570 585 2610 est
615 2567 778 2624 viginti
818 2583 978 2612 novem
1018 2569 1110 2611 dies
1151 2572 1197 2611 et
1237 2569 1421 2626 triginta
1461 2584 1599 2612 unum

249 2787 256 2805 ¹
275 2792 305 2819 et
321 2798 422 2819 omnes
435 2788 645 2831 astronomos]
672 2799 736 2823 om.
752 2789 793 2822 T.
889 2800 891 2802 ’
978 2790 989 2808 ³
1006 2790 1051 2831 et]
1071 2790 1126 2826 Bs,

246 2840 258 2857 '-‘
273 2839 378 2882 quia]
399 2850 509 2882 quum,
527 2841 567 2872 T.
