1964 3259
190 253 275 308 ΙΙΙ]
705 263 819 294 opus
849 262 1060 293 TERTIUM.
1529 248 1581 291 17

186 378 349 420 totiens
381 378 526 420 dimisi
557 393 676 434 opus,
709 382 754 419 et
790 377 1046 418 multotiens
1077 375 1304 430 desperavi
1335 377 1380 415 et
1410 373 1583 429 neglexi

185 447 441 502 procedere3
492 446 607 488 unde
648 447 683 488 si
724 459 801 487 vos
853 444 1072 486 scivissem
1115 456 1202 484 non
1254 440 1473 498 pensasse¹
1516 455 1582 481 ra—

188 514 353 556 tionem
385 528 670 570 expensarum
710 512 887 553 harum⁶²
919 526 997 567 pro
1033 514 1130 552 toto
1167 509 1331 551 mundo
1366 523 1456 550 non
1486 521 1583 564 pro-

185 583 428 624 cessissem:
462 582 589 623 citius
620 580 737 622 enim
766 594 834 621 me
865 579 1023 621 carceri
1053 578 1275 620 dedissem.
1338 577 1432 618 Nec
1459 575 1584 631 potui

187 651 366 691 nuntios
397 649 592 705 proprios
623 648 799 690 mittere
829 646 976 689 vobis3
1006 661 1083 703 pro
1115 645 1328 702 expensis,
1361 645 1464 700 quia
1494 658 1582 685 non

186 718 320 759 habui
351 718 466 759 unde
497 717 728 757 mitterem.
795 716 854 757 Et
882 715 1016 756 malui
1046 715 1167 766 illud,
1191 714 1307 769 quod
1334 713 1460 768 potui
1487 725 1585 768 pro-

187 801 347 837 curare,
390 800 558 840 semper
598 799 757 842 ponere
798 784 846 824 in
889 783 1066 839 negotio
1107 782 1412 839 promovendo,
1456 795 1586 836 quam

185 854 310 895 vobis
345 853 552 894 nuntium
587 853 811 908 proprium
845 851 1072 893 destinare.
1136 851 1196 892 Et
1236 850 1370 892 etiam
1412 852 1589 904 propter

185 925 377 963 vestram
427 921 719 962 reverentiam
771 920 943 962 decrevi
995 919 1112 975 quod
1151 934 1240 961 non
1291 918 1474 959 facerem
1520 931 1586 957 ra-

185 989 350 1030 tionem
392 989 444 1030 de
486 989 687 1044 expensis
739 991 973 1044 antequam
1025 988 1173 1043 aliqua
1213 986 1448 1038 mitterem,
1492 999 1588 1040 quae

185 1057 312 1098 vobis
362 1056 592 1112 placerent,
636 1059 681 1098 et
723 1071 820 1112 quae
872 1055 1071 1098 oculata4
1122 1055 1209 1097 fide
1260 1055 1415 1096 darent
1464 1054 1587 1096 testi-

187 1125 382 1166 monium
419 1139 719 1181 expensarum.
802 1123 986 1180 Propter
1027 1124 1164 1180 igitur
1202 1124 1293 1165 haec
1333 1122 1480 1164 omnia
1520 1137 1586 1164 ac-

187 1193 295 1234 cidit
325 1195 454 1234 tanta
487 1192 642 1233 dilatio
683 1192 731 1233 in
766 1191 847 1233 hoc
882 1191 1070 1248 negotio,
1105 1192 1157 1233 de
1194 1206 1278 1247 quo
1309 1190 1588 1232 vehementer

188 1260 311 1302 doleo
331 1277 341 1312 3
373 1260 475 1316 quia
495 1274 583 1301 non
612 1260 750 1301 solum
780 1259 938 1302 accidit
958 1263 1116 1302 vestrae
1142 1259 1383 1301 clementiae
1404 1258 1587 1300 taedium

188 1343 266 1384 pro
317 1342 390 1384 spe
432 1328 580 1377 dilata,
624 1328 698 1369 sed
739 1342 818 1383 ego
870 1326 1051 1370 sustuli⁵
1090 1327 1326 1383 multiplex
1367 1327 1585 1377 damnum,

189 1396 300 1437 sicut
321 1395 427 1436 satis
458 1410 514 1437 ex
545 1395 764 1450 praedictis
794 1395 975 1451 potestis
1006 1395 1208 1451 cogitare,
1231 1398 1276 1437 et
1306 1394 1487 1437 inferius
1515 1409 1587 1435 ex-

188 1463 424 1519 plicabitur
455 1463 614 1505 certius
645 1467 690 1505 et
719 1463 888 1518 plenius
919 1477 998 1506 suo
1027 1463 1130 1505 loco.

786 1696 891 1739 CAP.
926 1697 1001 1739 IV.

254 1837 466 1879 RECEPTO
503 1841 652 1879 tamen
704 1839 925 1890 mandam,
959 1838 1150 1894 cogitavi
1201 1839 1435 1894 diiigenter
1486 1841 1592 1896 quid
1609 1843 1768 1884 Compre-

1609 1888 1743 1919 hensive
1758 1898 1816 1919 na-

192 1909 337 1961 posset
367 1920 457 1947 esse
487 1909 662 1962 gratum
683 1905 846 1947 vicario
867 1906 976 1947 Jessi
998 1906 1161 1947 Christi
1181 1922 1190 1947 ε
1224 1907 1357 1948 etiam
1388 1909 1593 1964 praecepti
1609 1936 1680 1963 ture
1697 1932 1736 1963 of
1745 1933 1800 1964 the

194 1973 479 2015 consideratio
511 1987 579 2013 me
600 1973 798 2014 arctabat
814 1990 824 2025 3
856 1973 1023 2015 utih'tas
1052 1974 1212 2015 iterum
1233 1975 1396 2025 mundi,
1419 1991 1495 2031 per
1515 1991 1592 2018 vos
1610 1976 1703 2007 work
1719 1986 1770 2008 re-

196 2041 477 2096 procuranda,
521 2054 590 2081 me
632 2041 854 2092 excitavit,
893 2045 1022 2096 atque
1063 2041 1304 2084 vivificatio
1354 2044 1590 2099 sapientiae,

197 2122 295 2162 quae
330 2112 504 2150 mortua
527 2107 621 2162 jam
652 2123 679 2149 a
709 2108 857 2150 multis
894 2109 1162 2164 temporibus
1187 2109 1337 2164 jacuit,
1360 2125 1429 2152 me
1464 2112 1592 2154 valde

196 2175 447 2231 instigabat.
513 2175 572 2217 Et
614 2176 711 2217 ideo
743 2176 1013 2218 consideravi
1049 2177 1318 2233 sapientiam,
1357 2194 1487 2234 quam
1519 2195 1591 2236 pe-

196 2243 324 2293 tistis,
349 2258 439 2284 non
465 2244 606 2285 solum
638 2244 848 2294 absolute,
874 2245 950 2286 sed
981 2245 1109 2300 longe
1140 2246 1280 2302 magis
1300 2247 1437 2289 relate
1468 2250 1592 2304 quin-

197 2325 280 2366 que
311 2311 460 2360 modis,
484 2314 529 2352 et
549 2311 754 2366 quicquid
784 2311 908 2367 potui
939 2312 1206 2354 considerare
1237 2314 1450 2367 decorum,
1473 2317 1593 2369 utile,

197 2382 242 2420 et
277 2379 567 2434 magnificum,
591 2378 779 2435 cogitavi
816 2383 1052 2431 annotare3
1083 2381 1295 2437 praecipue
1326 2397 1424 2425 cum
1445 2385 1592 2440 hujus-

198 2446 316 2489 modi
356 2461 446 2488 non
486 2449 590 2488 sunt
625 2447 674 2488 in
706 2461 788 2489 usu
822 2447 945 2504 vulgi
983 2449 1268 2502 studentium,
1306 2451 1381 2493 sed
1427 2467 1593 2508 semper

243 2688 251 2707 ¹
270 2689 427 2720 scivissem
471 2700 533 2721 non
574 2688 745 2731 pensasse]
797 2700 859 2720 non
971 2686 983 2704 ²
999 2684 1128 2727 harum]
1149 2685 1304 2724 omnium,
1322 2686 1361 2718 T.

198 2751 361 2781 pensasse,
385 2742 534 2783 supplied
549 2741 635 2773 from
658 2742 714 2773 the
729 2742 860 2783 margin
973 2739 985 2756 ³
1002 2737 1107 2779 vobis]
1135 2748 1197 2768 om.
1212 2738 1251 2769 T.
1262 2739 1301 2769 L.

198 2791 234 2823 in
251 2793 301 2831 T.,
317 2794 453 2826 omitted
475 2794 511 2825 in
536 2795 591 2826 the
618 2794 714 2826 other
740 2794 860 2835 copies,
976 2791 985 2809 ⁴
1002 2789 1146 2831 oculata]
1173 2791 1310 2830 occulta,
1334 2791 1372 2824 L.

199 2844 308 2876 which
324 2845 400 2886 give
414 2846 587 2878 scivissem
611 2846 662 2879 for
678 2846 857 2879 scivissem.
976 2844 987 2861 ⁵
1002 2841 1135 2884 sustuli]
1161 2852 1225 2875 om.
1243 2843 1284 2876 B.
1301 2844 1339 2876 L.

316 2908 415 2940 VOL.
447 2909 474 2939 I.
1390 2906 1421 2937 Β

1610 2020 1733 2062 quired.
