<?xml version="1.0" encoding="UTF-8"?>
<!DOCTYPE html PUBLIC "-//W3C//DTD XHTML 1.0 Transitional//EN"
    "http://www.w3.org/TR/xhtml1/DTD/xhtml1-transitional.dtd">
<html xmlns="http://www.w3.org/1999/xhtml" xml:lang="en" lang="en">
 <head>
  <title>
</title>
<meta http-equiv="Content-Type" content="text/html;charset=utf-8" />
  <meta name='ocr-system' content='tesseract 3.04.00' />
  <meta name='ocr-capabilities' content='ocr_page ocr_carea ocr_par ocr_line ocrx_word'/>
</head>
<body>
  <div class='ocr_page' id='page_1' title='image "./frrogeribaconope00baco_0339.png"; bbox 0 0 1964 3259; ppageno 0'>
   <div class='ocr_carea' id='block_1_1' title="bbox 168 246 1562 305">
    <p class='ocr_par' dir='ltr' id='par_1_1' title="bbox 168 246 1562 305">
     <span class='ocr_line' id='line_1_1' title="bbox 168 246 1562 305; baseline -0.004 -15"><span class='ocrx_word' id='word_1_1' title='bbox 168 249 296 305; x_wconf 69' lang='lat' dir='ltr'>LVII]</span> <span class='ocrx_word' id='word_1_2' title='bbox 684 259 799 290; x_wconf 72' lang='lat' dir='ltr'>opus</span> <span class='ocrx_word' id='word_1_3' title='bbox 830 257 1040 289; x_wconf 77' lang='lat' dir='ltr'><strong>TERTIUM.</strong></span> <span class='ocrx_word' id='word_1_4' title='bbox 1480 246 1562 285; x_wconf 72' lang='lat'>‘225</span> 
     </span>
    </p>
   </div>
   <div class='ocr_carea' id='block_1_2' title="bbox 157 371 1566 2619">
    <p class='ocr_par' dir='ltr' id='par_1_2' title="bbox 158 371 1563 773">
     <span class='ocr_line' id='line_1_2' title="bbox 160 371 1563 432; baseline -0.006 -14"><span class='ocrx_word' id='word_1_5' title='bbox 160 379 266 432; x_wconf 91' lang='lat' dir='ltr'>puto</span> <span class='ocrx_word' id='word_1_6' title='bbox 312 378 455 432; x_wconf 87' lang='lat' dir='ltr'>potest</span> <span class='ocrx_word' id='word_1_7' title='bbox 499 375 578 417; x_wconf 88' lang='lat' dir='ltr'>hoc</span> <span class='ocrx_word' id='word_1_8' title='bbox 629 375 809 431; x_wconf 86' lang='lat' dir='ltr'>probare</span> <span class='ocrx_word' id='word_1_9' title='bbox 859 388 935 429; x_wconf 89' lang='lat' dir='ltr'>per</span> <span class='ocrx_word' id='word_1_10' title='bbox 977 371 1294 413; x_wconf 71' lang='lat' dir='ltr'>revolutionem</span> <span class='ocrx_word' id='word_1_11' title='bbox 1355 371 1563 425; x_wconf 83' lang='lat' dir='ltr'>temporis</span> 
     </span>
     <span class='ocr_line' id='line_1_3' title="bbox 159 438 1562 500; baseline -0.006 -15"><span class='ocrx_word' id='word_1_12' title='bbox 159 460 292 500; x_wconf 82' lang='lat' dir='ltr'>usque</span> <span class='ocrx_word' id='word_1_13' title='bbox 325 445 380 485; x_wconf 83' lang='lat' dir='ltr'>ad</span> <span class='ocrx_word' id='word_1_14' title='bbox 413 444 528 485; x_wconf 88' lang='lat' dir='ltr'>diem</span> <span class='ocrx_word' id='word_1_15' title='bbox 563 442 790 485; x_wconf 75' lang='lat' dir='ltr'>Passionis.</span> <span class='ocrx_word' id='word_1_16' title='bbox 856 441 915 482; x_wconf 88' lang='lat' dir='ltr'>Et</span> <span class='ocrx_word' id='word_1_17' title='bbox 958 454 1053 482; x_wconf 88' lang='lat' dir='ltr'>cum</span> <span class='ocrx_word' id='word_1_18' title='bbox 1097 442 1244 480; x_wconf 90' lang='lat' dir='ltr'>totum</span> <span class='ocrx_word' id='word_1_19' title='bbox 1291 438 1448 493; x_wconf 85' lang='lat' dir='ltr'>vulgus</span> <span class='ocrx_word' id='word_1_20' title='bbox 1492 438 1562 478; x_wconf 73' lang='lat' dir='ltr'>vel</span> 
     </span>
     <span class='ocr_line' id='line_1_4' title="bbox 158 506 1563 566; baseline -0.006 -12"><span class='ocrx_word' id='word_1_21' title='bbox 158 516 272 554; x_wconf 85' lang='lat' dir='ltr'>erret</span> <span class='ocrx_word' id='word_1_22' title='bbox 303 513 384 563; x_wconf 88' lang='lat' dir='ltr'>hic,</span> <span class='ocrx_word' id='word_1_23' title='bbox 417 512 485 554; x_wconf 89' lang='lat' dir='ltr'>vel</span> <span class='ocrx_word' id='word_1_24' title='bbox 527 511 709 553; x_wconf 89' lang='lat' dir='ltr'>dubium</span> <span class='ocrx_word' id='word_1_25' title='bbox 743 509 1013 566; x_wconf 69' lang='lat' dir='ltr'>sapientibus</span> <span class='ocrx_word' id='word_1_26' title='bbox 1046 509 1272 563; x_wconf 74' lang='lat' dir='ltr'>proponat,</span> <span class='ocrx_word' id='word_1_27' title='bbox 1307 520 1385 548; x_wconf 89' lang='lat' dir='ltr'>nec</span> <span class='ocrx_word' id='word_1_28' title='bbox 1431 506 1563 547; x_wconf 83' lang='lat' dir='ltr'>habet</span> 
     </span>
     <span class='ocr_line' id='line_1_5' title="bbox 158 575 1557 635; baseline -0.006 -13"><span class='ocrx_word' id='word_1_29' title='bbox 158 580 314 635; x_wconf 86' lang='lat' dir='ltr'>aliquis</span> <span class='ocrx_word' id='word_1_30' title='bbox 366 580 418 621; x_wconf 87' lang='grc'>(10</span> <span class='ocrx_word' id='word_1_31' title='bbox 460 580 591 635; x_wconf 87' lang='lat' dir='ltr'>vulgo</span> <span class='ocrx_word' id='word_1_32' title='bbox 643 579 758 619; x_wconf 87' lang='lat' dir='ltr'>unde</span> <span class='ocrx_word' id='word_1_33' title='bbox 810 577 964 633; x_wconf 85' lang='lat' dir='ltr'>probet</span> <span class='ocrx_word' id='word_1_34' title='bbox 1017 576 1133 631; x_wconf 89' lang='lat' dir='ltr'>quod</span> <span class='ocrx_word' id='word_1_35' title='bbox 1186 575 1304 623; x_wconf 87' lang='lat' dir='ltr'>dicit,</span> <span class='ocrx_word' id='word_1_36' title='bbox 1338 588 1414 615; x_wconf 88' lang='lat' dir='ltr'>nec</span> <span class='ocrx_word' id='word_1_37' title='bbox 1462 589 1557 628; x_wconf 81' lang='lat' dir='ltr'>qua-</span> 
     </span>
     <span class='ocr_line' id='line_1_6' title="bbox 158 642 1562 704; baseline -0.006 -14"><span class='ocrx_word' id='word_1_38' title='bbox 158 649 260 690; x_wconf 88' lang='lat' dir='ltr'>liter</span> <span class='ocrx_word' id='word_1_39' title='bbox 290 648 550 704; x_wconf 84' lang='lat' dir='ltr'>respondeat</span> <span class='ocrx_word' id='word_1_40' title='bbox 583 646 839 697; x_wconf 88' lang='lat' dir='ltr'>rationibus,</span> <span class='ocrx_word' id='word_1_41' title='bbox 866 645 1078 700; x_wconf 84' lang='lat' dir='ltr'>Magister</span> <span class='ocrx_word' id='word_1_42' title='bbox 1109 647 1259 686; x_wconf 87' lang='lat' dir='ltr'>tamen</span> <span class='ocrx_word' id='word_1_43' title='bbox 1291 643 1336 684; x_wconf 88' lang='lat' dir='ltr'>in</span> <span class='ocrx_word' id='word_1_44' title='bbox 1369 642 1562 684; x_wconf 84' lang='lat' dir='ltr'>historiis</span> 
     </span>
     <span class='ocr_line' id='line_1_7' title="bbox 161 716 501 773; baseline -0.003 -16"><span class='ocrx_word' id='word_1_45' title='bbox 161 716 343 773; x_wconf 85' lang='lat' dir='ltr'>pessime</span> <span class='ocrx_word' id='word_1_46' title='bbox 375 722 501 758; x_wconf 85' lang='lat' dir='ltr'>errat.</span> 
     </span>
    </p>

    <p class='ocr_par' dir='ltr' id='par_1_3' title="bbox 157 787 1564 2005">
     <span class='ocr_line' id='line_1_8' title="bbox 221 787 1563 848; baseline -0.005 -14"><span class='ocrx_word' id='word_1_47' title='bbox 221 793 436 844; x_wconf 75' lang='lat' dir='ltr'>Quoniam</span> <span class='ocrx_word' id='word_1_48' title='bbox 468 806 680 848; x_wconf 87' lang='lat' dir='ltr'>ponamus</span> <span class='ocrx_word' id='word_1_49' title='bbox 713 791 829 846; x_wconf 87' lang='lat' dir='ltr'>quod</span> <span class='ocrx_word' id='word_1_50' title='bbox 860 805 948 832; x_wconf 86' lang='lat' dir='ltr'>non</span> <span class='ocrx_word' id='word_1_51' title='bbox 988 792 1102 831; x_wconf 87' lang='lat' dir='ltr'>erret</span> <span class='ocrx_word' id='word_1_52' title='bbox 1141 788 1187 829; x_wconf 90' lang='lat' dir='ltr'>in</span> <span class='ocrx_word' id='word_1_53' title='bbox 1220 787 1401 829; x_wconf 85' lang='lat' dir='ltr'>dicendo</span> <span class='ocrx_word' id='word_1_54' title='bbox 1448 788 1563 843; x_wconf 85' lang='lat' dir='ltr'>quod</span> 
     </span>
     <span class='ocr_line' id='line_1_9' title="bbox 162 855 1563 917; baseline -0.004 -15"><span class='ocrx_word' id='word_1_55' title='bbox 162 861 482 917; x_wconf 84' lang='lat' dir='ltr'>quintadecima</span> <span class='ocrx_word' id='word_1_56' title='bbox 522 860 637 911; x_wconf 85' lang='lat' dir='ltr'>luna,</span> <span class='ocrx_word' id='word_1_57' title='bbox 677 862 721 900; x_wconf 90' lang='lat' dir='ltr'>et</span> <span class='ocrx_word' id='word_1_58' title='bbox 760 862 912 900; x_wconf 86' lang='lat' dir='ltr'>octavo</span> <span class='ocrx_word' id='word_1_59' title='bbox 948 857 1160 899; x_wconf 74' lang='lat' dir='ltr'>kalendas</span> <span class='ocrx_word' id='word_1_60' title='bbox 1207 855 1372 898; x_wconf 83' lang='lat' dir='ltr'>fuerit¹</span> <span class='ocrx_word' id='word_1_61' title='bbox 1415 870 1563 912; x_wconf 79' lang='lat' dir='ltr'>passus</span> 
     </span>
     <span class='ocr_line' id='line_1_10' title="bbox 159 924 1561 982; baseline -0.004 -12"><span class='ocrx_word' id='word_1_62' title='bbox 159 929 398 980; x_wconf 84' lang='lat' dir='ltr'>Dominus;</span> <span class='ocrx_word' id='word_1_63' title='bbox 430 932 577 970; x_wconf 88' lang='lat' dir='ltr'>tamen</span> <span class='ocrx_word' id='word_1_64' title='bbox 609 943 706 969; x_wconf 89' lang='lat' dir='ltr'>cum</span> <span class='ocrx_word' id='word_1_65' title='bbox 728 928 826 969; x_wconf 89' lang='lat' dir='ltr'>vult</span> <span class='ocrx_word' id='word_1_66' title='bbox 857 926 939 968; x_wconf 89' lang='lat' dir='ltr'>hoc</span> <span class='ocrx_word' id='word_1_67' title='bbox 971 926 1166 982; x_wconf 82' lang='lat' dir='ltr'>probare,</span> <span class='ocrx_word' id='word_1_68' title='bbox 1191 929 1306 967; x_wconf 87' lang='lat' dir='ltr'>errat</span> <span class='ocrx_word' id='word_1_69' title='bbox 1328 924 1447 965; x_wconf 86' lang='lat' dir='ltr'>ultra</span> <span class='ocrx_word' id='word_1_70' title='bbox 1472 938 1561 965; x_wconf 90' lang='lat' dir='ltr'>mo-</span> 
     </span>
     <span class='ocr_line' id='line_1_11' title="bbox 159 992 1562 1048; baseline -0.004 -10"><span class='ocrx_word' id='word_1_71' title='bbox 159 997 275 1048; x_wconf 91' lang='lat' dir='ltr'>dum,</span> <span class='ocrx_word' id='word_1_72' title='bbox 309 1000 353 1038; x_wconf 87' lang='lat' dir='ltr'>et</span> <span class='ocrx_word' id='word_1_73' title='bbox 385 996 507 1038; x_wconf 89' lang='lat' dir='ltr'>ducit</span> <span class='ocrx_word' id='word_1_74' title='bbox 539 1011 686 1038; x_wconf 88' lang='lat' dir='ltr'>omnes</span> <span class='ocrx_word' id='word_1_75' title='bbox 710 997 755 1037; x_wconf 90' lang='lat' dir='ltr'>in</span> <span class='ocrx_word' id='word_1_76' title='bbox 777 1010 977 1045; x_wconf 86' lang='lat' dir='ltr'>errorem,</span> <span class='ocrx_word' id='word_1_77' title='bbox 1011 998 1061 1036; x_wconf 92' lang='lat' dir='ltr'>ut</span> <span class='ocrx_word' id='word_1_78' title='bbox 1094 993 1273 1035; x_wconf 85' lang='lat' dir='ltr'>credant</span> <span class='ocrx_word' id='word_1_79' title='bbox 1306 993 1423 1048; x_wconf 87' lang='lat' dir='ltr'>quod</span> <span class='ocrx_word' id='word_1_80' title='bbox 1456 992 1562 1033; x_wconf 84' lang='lat' dir='ltr'>bene</span> 
     </span>
     <span class='ocr_line' id='line_1_12' title="bbox 158 1061 1562 1121; baseline -0.004 -15"><span class='ocrx_word' id='word_1_81' title='bbox 158 1065 409 1121; x_wconf 84' lang='lat' dir='ltr'>probaverit</span> <span class='ocrx_word' id='word_1_82' title='bbox 441 1065 555 1120; x_wconf 87' lang='lat' dir='ltr'>quod</span> <span class='ocrx_word' id='word_1_83' title='bbox 577 1064 790 1121; x_wconf 87' lang='lat' dir='ltr'>proponit.</span> <span class='ocrx_word' id='word_1_84' title='bbox 845 1063 1030 1106; x_wconf 74' lang='lat' dir='ltr'>sienim</span> <span class='ocrx_word' id='word_1_85' title='bbox 1062 1063 1191 1103; x_wconf 87' lang='lat' dir='ltr'>homo</span> <span class='ocrx_word' id='word_1_86' title='bbox 1222 1063 1454 1103; x_wconf 80' lang='lat' dir='ltr'>veritatem</span> <span class='ocrx_word' id='word_1_87' title='bbox 1486 1061 1562 1102; x_wconf 78' lang='lat' dir='ltr'>ali-</span> 
     </span>
     <span class='ocr_line' id='line_1_13' title="bbox 162 1131 1564 1190; baseline -0.004 -15"><span class='ocrx_word' id='word_1_88' title='bbox 162 1149 291 1189; x_wconf 81' lang='lat' dir='ltr'>quam</span> <span class='ocrx_word' id='word_1_89' title='bbox 323 1149 400 1190; x_wconf 89' lang='lat' dir='ltr'>pro</span> <span class='ocrx_word' id='word_1_90' title='bbox 439 1134 546 1175; x_wconf 86' lang='lat' dir='ltr'>falsa</span> <span class='ocrx_word' id='word_1_91' title='bbox 594 1134 754 1175; x_wconf 86' lang='lat' dir='ltr'>nititur</span> <span class='ocrx_word' id='word_1_92' title='bbox 800 1133 993 1189; x_wconf 82' lang='lat' dir='ltr'>probare,</span> <span class='ocrx_word' id='word_1_93' title='bbox 1028 1134 1072 1172; x_wconf 86' lang='lat' dir='ltr'>et</span> <span class='ocrx_word' id='word_1_94' title='bbox 1103 1131 1258 1171; x_wconf 86' lang='lat' dir='ltr'>asserit</span> <span class='ocrx_word' id='word_1_95' title='bbox 1302 1144 1423 1170; x_wconf 88' lang='lat' dir='ltr'>suam</span> <span class='ocrx_word' id='word_1_96' title='bbox 1468 1144 1564 1185; x_wconf 89' lang='lat' dir='ltr'>pro-</span> 
     </span>
     <span class='ocr_line' id='line_1_14' title="bbox 160 1198 1562 1256; baseline -0.004 -13"><span class='ocrx_word' id='word_1_97' title='bbox 160 1202 391 1251; x_wconf 85' lang='lat' dir='ltr'>bationem,</span> <span class='ocrx_word' id='word_1_98' title='bbox 439 1217 527 1243; x_wconf 90' lang='grc'><strong>11011</strong></span> <span class='ocrx_word' id='word_1_99' title='bbox 573 1203 717 1242; x_wconf 85' lang='lat' dir='ltr'>minus</span> <span class='ocrx_word' id='word_1_100' title='bbox 762 1205 827 1242; x_wconf 86' lang='lat' dir='ltr'>est</span> <span class='ocrx_word' id='word_1_101' title='bbox 870 1199 1175 1256; x_wconf 80' lang='lat' dir='ltr'>vituperabilis</span> <span class='ocrx_word' id='word_1_102' title='bbox 1222 1213 1351 1253; x_wconf 73' lang='lat' dir='ltr'>quam</span> <span class='ocrx_word' id='word_1_103' title='bbox 1384 1198 1454 1239; x_wconf 91' lang='lat' dir='ltr'>ille</span> <span class='ocrx_word' id='word_1_104' title='bbox 1488 1199 1562 1252; x_wconf 84' lang='lat' dir='ltr'>qui</span> 
     </span>
     <span class='ocr_line' id='line_1_15' title="bbox 160 1266 1563 1326; baseline -0.004 -15"><span class='ocrx_word' id='word_1_105' title='bbox 160 1270 316 1311; x_wconf 83' lang='lat' dir='ltr'>falsum</span> <span class='ocrx_word' id='word_1_106' title='bbox 359 1271 519 1311; x_wconf 88' lang='lat' dir='ltr'>nititur</span> <span class='ocrx_word' id='word_1_107' title='bbox 562 1284 638 1326; x_wconf 89' lang='lat' dir='ltr'>per</span> <span class='ocrx_word' id='word_1_108' title='bbox 668 1269 774 1310; x_wconf 83' lang='lat' dir='ltr'>falsa</span> <span class='ocrx_word' id='word_1_109' title='bbox 816 1268 1025 1324; x_wconf 68' lang='lat' dir='ltr'>probare:</span> <span class='ocrx_word' id='word_1_110' title='bbox 1072 1269 1205 1308; x_wconf 88' lang='lat' dir='ltr'>immo</span> <span class='ocrx_word' id='word_1_111' title='bbox 1237 1267 1374 1322; x_wconf 84' lang='lat' dir='ltr'>magis</span> <span class='ocrx_word' id='word_1_112' title='bbox 1406 1267 1451 1306; x_wconf 86' lang='lat' dir='ltr'>in</span> <span class='ocrx_word' id='word_1_113' title='bbox 1484 1266 1563 1307; x_wconf 91' lang='lat' dir='ltr'>hoc</span> 
     </span>
     <span class='ocr_line' id='line_1_16' title="bbox 162 1334 1564 1393; baseline -0.002 -16"><span class='ocrx_word' id='word_1_114' title='bbox 162 1337 421 1379; x_wconf 69' lang='lat' dir='ltr'>deridendus</span> <span class='ocrx_word' id='word_1_115' title='bbox 453 1341 528 1387; x_wconf 85' lang='lat' dir='ltr'>ost,</span> <span class='ocrx_word' id='word_1_116' title='bbox 553 1337 668 1392; x_wconf 81' lang='lat' dir='ltr'>quod</span> <span class='ocrx_word' id='word_1_117' title='bbox 690 1352 765 1393; x_wconf 85' lang='lat' dir='ltr'>per</span> <span class='ocrx_word' id='word_1_118' title='bbox 796 1336 904 1378; x_wconf 87' lang='lat' dir='ltr'>falsa</span> <span class='ocrx_word' id='word_1_119' title='bbox 936 1336 1126 1377; x_wconf 80' lang='lat' dir='ltr'>maculat</span> <span class='ocrx_word' id='word_1_120' title='bbox 1147 1335 1392 1376; x_wconf 80' lang='lat' dir='ltr'>veritatem.</span> <span class='ocrx_word' id='word_1_121' title='bbox 1441 1334 1564 1375; x_wconf 85' lang='lat' dir='ltr'>Veri-</span> 
     </span>
     <span class='ocr_line' id='line_1_17' title="bbox 161 1403 1563 1460; baseline -0.001 -14"><span class='ocrx_word' id='word_1_122' title='bbox 161 1409 229 1447; x_wconf 83' lang='lat' dir='ltr'>tas</span> <span class='ocrx_word' id='word_1_123' title='bbox 261 1407 375 1447; x_wconf 85' lang='lat' dir='ltr'>enim</span> <span class='ocrx_word' id='word_1_124' title='bbox 398 1406 621 1447; x_wconf 87' lang='lat' dir='ltr'>mendacio</span> <span class='ocrx_word' id='word_1_125' title='bbox 643 1420 731 1447; x_wconf 92' lang='grc'><strong>11011</strong></span> <span class='ocrx_word' id='word_1_126' title='bbox 753 1405 932 1460; x_wconf 78' lang='lat' dir='ltr'>indiget.</span> <span class='ocrx_word' id='word_1_127' title='bbox 995 1405 1103 1446; x_wconf 89' lang='lat' dir='ltr'>Dico</span> <span class='ocrx_word' id='word_1_128' title='bbox 1130 1404 1267 1459; x_wconf 87' lang='lat' dir='ltr'>igitur</span> <span class='ocrx_word' id='word_1_129' title='bbox 1299 1403 1414 1457; x_wconf 87' lang='lat' dir='ltr'>quod</span> <span class='ocrx_word' id='word_1_130' title='bbox 1447 1403 1563 1457; x_wconf 84' lang='lat' dir='ltr'>quic-</span> 
     </span>
     <span class='ocr_line' id='line_1_18' title="bbox 161 1471 1562 1529; baseline -0.004 -14"><span class='ocrx_word' id='word_1_131' title='bbox 161 1474 266 1529; x_wconf 83' lang='lat' dir='ltr'>quid</span> <span class='ocrx_word' id='word_1_132' title='bbox 298 1474 356 1515; x_wconf 85' lang='lat' dir='ltr'>sit</span> <span class='ocrx_word' id='word_1_133' title='bbox 388 1474 439 1515; x_wconf 86' lang='lat' dir='ltr'>de</span> <span class='ocrx_word' id='word_1_134' title='bbox 472 1474 740 1515; x_wconf 74' lang='lat' dir='ltr'>conclusione</span> <span class='ocrx_word' id='word_1_135' title='bbox 772 1474 944 1515; x_wconf 87' lang='lat' dir='ltr'>intenta</span> <span class='ocrx_word' id='word_1_136' title='bbox 987 1472 1197 1528; x_wconf 75' lang='lat' dir='ltr'>Magister</span> <span class='ocrx_word' id='word_1_137' title='bbox 1239 1474 1355 1512; x_wconf 83' lang='lat' dir='ltr'>errat</span> <span class='ocrx_word' id='word_1_138' title='bbox 1387 1471 1562 1512; x_wconf 89' lang='grc'><strong>0111111110</strong></span> 
     </span>
     <span class='ocr_line' id='line_1_19' title="bbox 159 1538 1560 1598; baseline -0.004 -15"><span class='ocrx_word' id='word_1_139' title='bbox 159 1543 204 1583; x_wconf 90' lang='grc'>111</span> <span class='ocrx_word' id='word_1_140' title='bbox 253 1557 329 1583; x_wconf 82' lang='lat' dir='ltr'>sua</span> <span class='ocrx_word' id='word_1_141' title='bbox 376 1543 668 1598; x_wconf 82' lang='lat' dir='ltr'>propositione</span> <span class='ocrx_word' id='word_1_142' title='bbox 717 1557 846 1596; x_wconf 85' lang='lat' dir='ltr'>quam</span> <span class='ocrx_word' id='word_1_143' title='bbox 891 1541 1025 1596; x_wconf 90' lang='lat' dir='ltr'>ponit,</span> <span class='ocrx_word' id='word_1_144' title='bbox 1072 1541 1118 1580; x_wconf 88' lang='lat' dir='ltr'>in</span> <span class='ocrx_word' id='word_1_145' title='bbox 1166 1539 1251 1580; x_wconf 85' lang='lat' dir='ltr'>fine</span> <span class='ocrx_word' id='word_1_146' title='bbox 1294 1538 1474 1594; x_wconf 81' lang='lat' dir='ltr'>capituli</span> <span class='ocrx_word' id='word_1_147' title='bbox 1508 1539 1560 1579; x_wconf 91' lang='lat' dir='ltr'>de</span> 
     </span>
     <span class='ocr_line' id='line_1_20' title="bbox 160 1606 1564 1663; baseline -0.003 -12"><span class='ocrx_word' id='word_1_148' title='bbox 160 1610 295 1652; x_wconf 80' lang='lat' dir='ltr'>Coena</span> <span class='ocrx_word' id='word_1_149' title='bbox 329 1610 533 1659; x_wconf 79' lang='lat' dir='ltr'>Domini3</span> <span class='ocrx_word' id='word_1_150' title='bbox 565 1625 661 1651; x_wconf 89' lang='lat' dir='ltr'>cum</span> <span class='ocrx_word' id='word_1_151' title='bbox 695 1610 813 1660; x_wconf 87' lang='lat' dir='ltr'>dicit,</span> <span class='ocrx_word' id='word_1_152' title='bbox 846 1610 881 1649; x_wconf 89' lang='lat' dir='ltr'>si</span> <span class='ocrx_word' id='word_1_153' title='bbox 914 1609 1112 1650; x_wconf 78' lang='lat' dir='ltr'>revolvas</span> <span class='ocrx_word' id='word_1_154' title='bbox 1141 1606 1340 1649; x_wconf 65' lang='lat' dir='ltr'>tabulas2</span> <span class='ocrx_word' id='word_1_155' title='bbox 1372 1608 1564 1663; x_wconf 86' lang='lat' dir='ltr'>computi</span> 
     </span>
     <span class='ocr_line' id='line_1_21' title="bbox 158 1676 1563 1728; baseline -0.001 -10"><span class='ocrx_word' id='word_1_156' title='bbox 158 1679 203 1719; x_wconf 91' lang='lat' dir='ltr'>in</span> <span class='ocrx_word' id='word_1_157' title='bbox 251 1692 364 1719; x_wconf 84' lang='lat' dir='ltr'>anno</span> <span class='ocrx_word' id='word_1_158' title='bbox 409 1677 637 1728; x_wconf 74' lang='lat' dir='ltr'>Passionis,</span> <span class='ocrx_word' id='word_1_159' title='bbox 687 1678 883 1719; x_wconf 89' lang='lat' dir='ltr'>invenies</span> <span class='ocrx_word' id='word_1_160' title='bbox 926 1677 1075 1718; x_wconf 85' lang='lat' dir='ltr'>lunam</span> <span class='ocrx_word' id='word_1_161' title='bbox 1128 1676 1380 1717; x_wconf 81' lang='lat' dir='ltr'>vicesimam</span> <span class='ocrx_word' id='word_1_162' title='bbox 1413 1689 1563 1717; x_wconf 85' lang='lat' dir='ltr'>secun-</span> 
     </span>
     <span class='ocr_line' id='line_1_22' title="bbox 159 1744 1564 1802; baseline -0.001 -15"><span class='ocrx_word' id='word_1_163' title='bbox 159 1747 270 1796; x_wconf 88' lang='lat' dir='ltr'>dam,</span> <span class='ocrx_word' id='word_1_164' title='bbox 334 1746 379 1787; x_wconf 91' lang='grc'>111</span> <span class='ocrx_word' id='word_1_165' title='bbox 440 1746 639 1787; x_wconf 81' lang='lat' dir='ltr'>kalendis</span> <span class='ocrx_word' id='word_1_166' title='bbox 673 1746 848 1802; x_wconf 84' lang='lat' dir='ltr'>Aprilis,</span> <span class='ocrx_word' id='word_1_167' title='bbox 883 1749 927 1787; x_wconf 92' lang='lat' dir='ltr'>et</span> <span class='ocrx_word' id='word_1_168' title='bbox 959 1746 1073 1786; x_wconf 87' lang='lat' dir='ltr'>diem</span> <span class='ocrx_word' id='word_1_169' title='bbox 1121 1744 1330 1795; x_wconf 80' lang='lat' dir='ltr'>Veneris3</span> <span class='ocrx_word' id='word_1_170' title='bbox 1386 1759 1486 1800; x_wconf 83' lang='lat' dir='ltr'>ergo</span> <span class='ocrx_word' id='word_1_171' title='bbox 1519 1745 1564 1785; x_wconf 91' lang='lat' dir='ltr'>in</span> 
     </span>
     <span class='ocr_line' id='line_1_23' title="bbox 157 1813 1562 1869; baseline -0.002 -13"><span class='ocrx_word' id='word_1_172' title='bbox 157 1818 310 1856; x_wconf 89' lang='lat' dir='ltr'>octavo</span> <span class='ocrx_word' id='word_1_173' title='bbox 342 1814 552 1856; x_wconf 84' lang='lat' dir='ltr'>kalendas</span> <span class='ocrx_word' id='word_1_174' title='bbox 596 1814 682 1856; x_wconf 87' lang='lat' dir='ltr'>fuit</span> <span class='ocrx_word' id='word_1_175' title='bbox 714 1814 818 1855; x_wconf 89' lang='lat' dir='ltr'>luna</span> <span class='ocrx_word' id='word_1_176' title='bbox 851 1813 1185 1869; x_wconf 85' lang='lat' dir='ltr'>quintadecima,</span> <span class='ocrx_word' id='word_1_177' title='bbox 1220 1817 1265 1854; x_wconf 92' lang='lat' dir='ltr'>et</span> <span class='ocrx_word' id='word_1_178' title='bbox 1297 1813 1388 1854; x_wconf 86' lang='lat' dir='ltr'>dies</span> <span class='ocrx_word' id='word_1_179' title='bbox 1421 1813 1562 1854; x_wconf 87' lang='lat' dir='ltr'>Vene-</span> 
     </span>
     <span class='ocr_line' id='line_1_24' title="bbox 157 1881 1563 1939; baseline -0.001 -16"><span class='ocrx_word' id='word_1_180' title='bbox 157 1884 224 1925; x_wconf 83' lang='lat' dir='ltr'>ris.</span> <span class='ocrx_word' id='word_1_181' title='bbox 302 1883 463 1924; x_wconf 90' lang='lat' dir='ltr'>Totum</span> <span class='ocrx_word' id='word_1_182' title='bbox 510 1883 630 1924; x_wconf 87' lang='lat' dir='ltr'>istud</span> <span class='ocrx_word' id='word_1_183' title='bbox 677 1885 986 1939; x_wconf 80' lang='lat' dir='ltr'>argumentum</span> <span class='ocrx_word' id='word_1_184' title='bbox 1034 1881 1159 1937; x_wconf 89' lang='lat' dir='ltr'>ponit</span> <span class='ocrx_word' id='word_1_185' title='bbox 1192 1882 1477 1937; x_wconf 85' lang='lat' dir='ltr'>compositum</span> <span class='ocrx_word' id='word_1_186' title='bbox 1510 1895 1563 1922; x_wconf 78' lang='lat' dir='ltr'>ex</span> 
     </span>
     <span class='ocr_line' id='line_1_25' title="bbox 158 1950 685 2005; baseline 0.002 -14"><span class='ocrx_word' id='word_1_187' title='bbox 158 1950 326 1992; x_wconf 85' lang='lat' dir='ltr'>duabus</span> <span class='ocrx_word' id='word_1_188' title='bbox 358 1950 685 2005; x_wconf 79' lang='lat' dir='ltr'>consequentiis,</span> 
     </span>
    </p>

    <p class='ocr_par' dir='ltr' id='par_1_4' title="bbox 157 2016 1566 2619">
     <span class='ocr_line' id='line_1_26' title="bbox 218 2016 1564 2074; baseline -0.003 -14"><span class='ocrx_word' id='word_1_189' title='bbox 218 2018 305 2060; x_wconf 78' lang='lat' dir='ltr'>Sed</span> <span class='ocrx_word' id='word_1_190' title='bbox 337 2033 391 2059; x_wconf 81' lang='lat' dir='ltr'>ex</span> <span class='ocrx_word' id='word_1_191' title='bbox 423 2019 563 2074; x_wconf 88' lang='lat' dir='ltr'>prima</span> <span class='ocrx_word' id='word_1_192' title='bbox 607 2021 848 2073; x_wconf 86' lang='lat' dir='ltr'>sequuntur</span> <span class='ocrx_word' id='word_1_193' title='bbox 880 2017 965 2059; x_wconf 89' lang='lat' dir='ltr'>duo</span> <span class='ocrx_word' id='word_1_194' title='bbox 1007 2016 1301 2073; x_wconf 87' lang='lat' dir='ltr'>impossibilia.</span> <span class='ocrx_word' id='word_1_195' title='bbox 1380 2016 1496 2057; x_wconf 91' lang='lat' dir='ltr'>Nam</span> <span class='ocrx_word' id='word_1_196' title='bbox 1529 2017 1564 2057; x_wconf 87' lang='lat' dir='ltr'>si</span> 
     </span>
     <span class='ocr_line' id='line_1_27' title="bbox 159 2084 1565 2141; baseline -0.001 -14"><span class='ocrx_word' id='word_1_197' title='bbox 159 2087 430 2128; x_wconf 85' lang='lat' dir='ltr'>revolvamus</span> <span class='ocrx_word' id='word_1_198' title='bbox 476 2086 648 2128; x_wconf 84' lang='lat' dir='ltr'>tabulas</span> <span class='ocrx_word' id='word_1_199' title='bbox 692 2084 916 2141; x_wconf 81' lang='lat' dir='ltr'>computi,3</span> <span class='ocrx_word' id='word_1_200' title='bbox 960 2089 1004 2127; x_wconf 88' lang='lat' dir='ltr'>et</span> <span class='ocrx_word' id='word_1_201' title='bbox 1050 2085 1154 2126; x_wconf 87' lang='lat' dir='ltr'>luna</span> <span class='ocrx_word' id='word_1_202' title='bbox 1184 2086 1318 2126; x_wconf 84' lang='lat' dir='ltr'>fuerit</span> <span class='ocrx_word' id='word_1_203' title='bbox 1360 2085 1565 2126; x_wconf 84' lang='lat' dir='ltr'>vicesima</span> 
     </span>
     <span class='ocr_line' id='line_1_28' title="bbox 161 2153 1565 2209; baseline -0.001 -14"><span class='ocrx_word' id='word_1_204' title='bbox 161 2154 347 2195; x_wconf 80' lang='lat' dir='ltr'>secunda</span> <span class='ocrx_word' id='word_1_205' title='bbox 379 2155 425 2194; x_wconf 90' lang='lat' dir='ltr'>in</span> <span class='ocrx_word' id='word_1_206' title='bbox 456 2154 653 2195; x_wconf 85' lang='lat' dir='ltr'>kalendis</span> <span class='ocrx_word' id='word_1_207' title='bbox 685 2153 859 2209; x_wconf 78' lang='lat' dir='ltr'>Aprilis,</span> <span class='ocrx_word' id='word_1_208' title='bbox 910 2154 1107 2208; x_wconf 87' lang='lat' dir='ltr'>sequitur</span> <span class='ocrx_word' id='word_1_209' title='bbox 1138 2153 1254 2208; x_wconf 84' lang='lat' dir='ltr'>quod</span> <span class='ocrx_word' id='word_1_210' title='bbox 1286 2167 1440 2194; x_wconf 83' lang='lat' dir='ltr'>aureus</span> <span class='ocrx_word' id='word_1_211' title='bbox 1484 2168 1565 2194; x_wconf 90' lang='lat' dir='ltr'>nu-</span> 
     </span>
     <span class='ocr_line' id='line_1_29' title="bbox 160 2221 1565 2270; baseline -0.001 -7"><span class='ocrx_word' id='word_1_212' title='bbox 160 2237 302 2264; x_wconf 90' lang='lat' dir='ltr'>merus</span> <span class='ocrx_word' id='word_1_213' title='bbox 340 2222 471 2264; x_wconf 87' lang='lat' dir='ltr'>fuerit</span> <span class='ocrx_word' id='word_1_214' title='bbox 504 2222 695 2264; x_wconf 85' lang='lat' dir='ltr'>decimus</span> <span class='ocrx_word' id='word_1_215' title='bbox 726 2222 882 2263; x_wconf 85' lang='lat' dir='ltr'>tertius</span> <span class='ocrx_word' id='word_1_216' title='bbox 926 2222 972 2262; x_wconf 88' lang='lat' dir='ltr'>in</span> <span class='ocrx_word' id='word_1_217' title='bbox 1018 2236 1132 2263; x_wconf 88' lang='lat' dir='ltr'>anno</span> <span class='ocrx_word' id='word_1_218' title='bbox 1165 2221 1391 2270; x_wconf 84' lang='lat' dir='ltr'>Passionis,</span> <span class='ocrx_word' id='word_1_219' title='bbox 1427 2224 1470 2261; x_wconf 87' lang='lat' dir='ltr'>et</span> <span class='ocrx_word' id='word_1_220' title='bbox 1502 2222 1565 2261; x_wconf 85' lang='lat' dir='ltr'>ita</span> 
     </span>
     <span class='ocr_line' id='line_1_30' title="bbox 158 2289 1566 2346; baseline -0.001 -15"><span class='ocrx_word' id='word_1_221' title='bbox 158 2291 273 2346; x_wconf 85' lang='lat' dir='ltr'>quod</span> <span class='ocrx_word' id='word_1_222' title='bbox 305 2290 437 2331; x_wconf 84' lang='lat' dir='ltr'>fuerit</span> <span class='ocrx_word' id='word_1_223' title='bbox 459 2289 650 2331; x_wconf 88' lang='lat' dir='ltr'>decimus</span> <span class='ocrx_word' id='word_1_224' title='bbox 682 2291 838 2331; x_wconf 85' lang='lat' dir='ltr'>tertius</span> <span class='ocrx_word' id='word_1_225' title='bbox 869 2305 1008 2331; x_wconf 88' lang='lat' dir='ltr'>annus</span> <span class='ocrx_word' id='word_1_226' title='bbox 1042 2289 1204 2332; x_wconf 82' lang='lat' dir='ltr'>Christi</span> <span class='ocrx_word' id='word_1_227' title='bbox 1227 2289 1462 2331; x_wconf 88' lang='lat' dir='ltr'>secundum</span> <span class='ocrx_word' id='word_1_228' title='bbox 1494 2304 1566 2344; x_wconf 91' lang='lat' dir='ltr'>cy-</span> 
     </span>
     <span class='ocr_line' id='line_1_31' title="bbox 157 2357 1564 2413; baseline -0.001 -14"><span class='ocrx_word' id='word_1_229' title='bbox 157 2359 255 2400; x_wconf 85' lang='lat' dir='ltr'>clos.</span> <span class='ocrx_word' id='word_1_230' title='bbox 336 2358 423 2400; x_wconf 81' lang='lat' dir='ltr'>Sed</span> <span class='ocrx_word' id='word_1_231' title='bbox 454 2361 560 2400; x_wconf 87' lang='lat' dir='ltr'>tunc</span> <span class='ocrx_word' id='word_1_232' title='bbox 591 2359 643 2400; x_wconf 88' lang='lat' dir='ltr'>de</span> <span class='ocrx_word' id='word_1_233' title='bbox 675 2359 930 2400; x_wconf 85' lang='lat' dir='ltr'>necessitate</span> <span class='ocrx_word' id='word_1_234' title='bbox 974 2358 1169 2413; x_wconf 85' lang='lat' dir='ltr'>sequitur</span> <span class='ocrx_word' id='word_1_235' title='bbox 1201 2357 1316 2413; x_wconf 90' lang='lat' dir='ltr'>quod</span> <span class='ocrx_word' id='word_1_236' title='bbox 1349 2357 1564 2398; x_wconf 89' lang='lat' dir='ltr'>Dominus</span> 
     </span>
     <span class='ocr_line' id='line_1_32' title="bbox 158 2425 1561 2481; baseline 0 -15"><span class='ocrx_word' id='word_1_237' title='bbox 158 2426 243 2467; x_wconf 86' lang='lat' dir='ltr'>fuit</span> <span class='ocrx_word' id='word_1_238' title='bbox 295 2441 444 2481; x_wconf 84' lang='lat' dir='ltr'>passus</span> <span class='ocrx_word' id='word_1_239' title='bbox 500 2427 545 2467; x_wconf 91' lang='lat' dir='ltr'>in</span> <span class='ocrx_word' id='word_1_240' title='bbox 589 2427 805 2468; x_wconf 90' lang='lat' dir='ltr'>tricesimo</span> <span class='ocrx_word' id='word_1_241' title='bbox 852 2441 977 2478; x_wconf 82' lang='lat' dir='ltr'>anno,</span> <span class='ocrx_word' id='word_1_242' title='bbox 1026 2430 1070 2468; x_wconf 88' lang='lat' dir='ltr'>et</span> <span class='ocrx_word' id='word_1_243' title='bbox 1113 2427 1160 2467; x_wconf 90' lang='lat' dir='ltr'>in</span> <span class='ocrx_word' id='word_1_244' title='bbox 1203 2427 1272 2467; x_wconf 88' lang='lat' dir='ltr'>die</span> <span class='ocrx_word' id='word_1_245' title='bbox 1321 2425 1561 2475; x_wconf 86' lang='lat' dir='ltr'>Dominica,</span> 
     </span>
     <span class='ocr_line' id='line_1_33' title="bbox 161 2493 1564 2550; baseline 0 -16"><span class='ocrx_word' id='word_1_246' title='bbox 161 2494 273 2535; x_wconf 88' lang='lat' dir='ltr'>sicut</span> <span class='ocrx_word' id='word_1_247' title='bbox 314 2494 499 2549; x_wconf 87' lang='lat' dir='ltr'>quilibet</span> <span class='ocrx_word' id='word_1_248' title='bbox 541 2497 685 2550; x_wconf 86' lang='lat' dir='ltr'>potest</span> <span class='ocrx_word' id='word_1_249' title='bbox 717 2495 914 2550; x_wconf 77' lang='lat' dir='ltr'>experiri,</span> <span class='ocrx_word' id='word_1_250' title='bbox 960 2494 1035 2550; x_wconf 86' lang='lat' dir='ltr'>qui</span> <span class='ocrx_word' id='word_1_251' title='bbox 1081 2494 1162 2537; x_wconf 85' lang='lat' dir='ltr'>scit</span> <span class='ocrx_word' id='word_1_252' title='bbox 1213 2493 1408 2536; x_wconf 80' lang='lat' dir='ltr'>tabulam</span> <span class='ocrx_word' id='word_1_253' title='bbox 1456 2494 1564 2535; x_wconf 90' lang='lat' dir='ltr'>hanc</span> 
     </span>
     <span class='ocr_line' id='line_1_34' title="bbox 164 2562 1563 2619; baseline 0.001 -17"><span class='ocrx_word' id='word_1_254' title='bbox 164 2562 394 2605; x_wconf 87' lang='lat' dir='ltr'>revolvere.</span> <span class='ocrx_word' id='word_1_255' title='bbox 471 2562 529 2605; x_wconf 90' lang='lat' dir='ltr'>Et</span> <span class='ocrx_word' id='word_1_256' title='bbox 569 2563 650 2604; x_wconf 86' lang='lat' dir='ltr'>hoc</span> <span class='ocrx_word' id='word_1_257' title='bbox 686 2564 848 2619; x_wconf 88' lang='lat' dir='ltr'>poterit</span> <span class='ocrx_word' id='word_1_258' title='bbox 880 2563 910 2605; x_wconf 83' lang='lat' dir='ltr'><strong>J</strong></span> <span class='ocrx_word' id='word_1_259' title='bbox 914 2563 1115 2615; x_wconf 85' lang='lat' dir='ltr'>ohannes,</span> <span class='ocrx_word' id='word_1_260' title='bbox 1150 2577 1277 2618; x_wconf 88' lang='lat' dir='ltr'>quem</span> <span class='ocrx_word' id='word_1_261' title='bbox 1324 2562 1434 2612; x_wconf 84' lang='lat' dir='ltr'>misi,</span> <span class='ocrx_word' id='word_1_262' title='bbox 1469 2576 1563 2617; x_wconf 86' lang='lat' dir='ltr'>pro-</span> 
     </span>
    </p>
   </div>
   <div class='ocr_carea' id='block_1_3' title="bbox 941 2719 1527 2727">
    <p class='ocr_par' dir='ltr' id='par_1_5' title="bbox 941 2719 1527 2727">
     <span class='ocr_line' id='line_1_35' title="bbox 941 2719 1527 2727; baseline 0 0"><span class='ocrx_word' id='word_1_263' title='bbox 941 2719 1527 2727; x_wconf 95' lang='lat' dir='ltr'> </span> 
     </span>
    </p>
   </div>
   <div class='ocr_carea' id='block_1_4' title="bbox 210 2808 1545 2905">
    <p class='ocr_par' dir='ltr' id='par_1_6' title="bbox 210 2808 1545 2905">
     <span class='ocr_line' id='line_1_36' title="bbox 211 2808 1545 2853; baseline -0.002 -12"><span class='ocrx_word' id='word_1_264' title='bbox 211 2810 352 2853; x_wconf 78' lang='lat' dir='ltr'>¹fuerit]</span> <span class='ocrx_word' id='word_1_265' title='bbox 379 2812 450 2850; x_wconf 82' lang='lat' dir='ltr'>fuit,</span> <span class='ocrx_word' id='word_1_266' title='bbox 466 2812 504 2844; x_wconf 94' lang='lat' dir='ltr'>B.</span> <span class='ocrx_word' id='word_1_267' title='bbox 941 2813 952 2830; x_wconf 76' lang='grc'>3</span> <span class='ocrx_word' id='word_1_268' title='bbox 969 2810 1094 2843; x_wconf 73' lang='lat' dir='ltr'>tabulas</span> <span class='ocrx_word' id='word_1_269' title='bbox 1109 2810 1262 2852; x_wconf 81' lang='lat' dir='ltr'>computi]</span> <span class='ocrx_word' id='word_1_270' title='bbox 1286 2813 1490 2850; x_wconf 76' lang='lat' dir='ltr'>computum,</span> <span class='ocrx_word' id='word_1_271' title='bbox 1506 2808 1545 2839; x_wconf 84' lang='lat' dir='ltr'>B.</span> 
     </span>
     <span class='ocr_line' id='line_1_37' title="bbox 210 2862 622 2905; baseline 0.01 -12"><span class='ocrx_word' id='word_1_272' title='bbox 210 2864 222 2881; x_wconf 74' lang='lat'><strong>²</strong></span> <span class='ocrx_word' id='word_1_273' title='bbox 239 2862 383 2905; x_wconf 75' lang='lat' dir='ltr'>tabulas]</span> <span class='ocrx_word' id='word_1_274' title='bbox 411 2865 567 2904; x_wconf 81' lang='lat' dir='ltr'>tabulam,</span> <span class='ocrx_word' id='word_1_275' title='bbox 584 2865 622 2897; x_wconf 88' lang='lat' dir='ltr'>B.</span> 
     </span>
    </p>
   </div>
   <div class='ocr_carea' id='block_1_5' title="bbox 285 2925 1388 2958">
    <p class='ocr_par' dir='ltr' id='par_1_7' title="bbox 285 2925 1388 2958">
     <span class='ocr_line' id='line_1_38' title="bbox 285 2925 1388 2958; baseline -0.002 -1"><span class='ocrx_word' id='word_1_276' title='bbox 285 2927 382 2958; x_wconf 83' lang='lat' dir='ltr'>VOL.</span> <span class='ocrx_word' id='word_1_277' title='bbox 408 2928 433 2958; x_wconf 94' lang='grc' dir='ltr'>Ι.</span> <span class='ocrx_word' id='word_1_278' title='bbox 1361 2925 1388 2955; x_wconf 93' lang='lat' dir='ltr'>P</span> 
     </span>
    </p>
   </div>
  </div>
 </body>
</html>
