1964 3259
332 276 418 317 554
881 285 1118 320 APPENmX
1150 289 1197 319 11.

330 408 352 424 “
383 403 551 446 stotelis
581 406 728 460 partes
760 403 929 460 aliquas
983 405 1036 447 de
1081 405 1127 447 N
1128 405 1373 448 aturalibus
1405 409 1450 448 et
1495 406 1739 450 Mathema-

330 476 352 493 “
383 472 482 515 tic-is
514 487 612 515 cum
644 473 968 529 expositoribus
1000 473 1284 529 sapientibus,
1339 475 1621 532 magnificata
1671 480 1737 519 est

329 545 351 562 “
382 541 659 597 philosophia
690 541 941 583 Aristotelis
994 542 1112 598 apud
1165 542 1345 585 Latinos
1370 559 1381 595 3
1433 544 1507 585 sed
1539 548 1737 600 respectu

328 613 351 630 “
381 609 679 651 multitudinis
710 612 754 651 et
786 609 1103 665 magnitudinis
1150 625 1239 653 suae
1281 611 1507 667 sapientiae
1538 612 1586 653 in
1616 612 1736 655 mille

327 681 350 698 ‘⁶
380 677 642 719 tractatibus
709 677 1038 734 comprehensae,
1094 678 1164 720 vel
1216 679 1435 721 modicum
1495 679 1637 722 adhuc
1687 681 1734 722 in

327 744 574 802 “linguam
622 745 826 787 Latinam
879 750 944 788 est
987 746 1292 799 translatum,’'
1344 751 1421 790 etc.
1506 747 1734 791 Hactenus

325 813 468 866 Baco,
512 814 580 856 cui
612 814 819 855 standum
851 814 887 856 si
920 819 1041 866 esset,
1076 830 1154 857 sua
1189 814 1381 871 profecto
1403 831 1530 858 causa
1560 817 1734 860 caderet

324 881 631 934 Aristarchus,
679 897 781 923 nam
813 897 890 939 per
922 898 972 925 ea
1004 898 1102 939 quae
1148 883 1378 926 transtulit
1421 884 1589 937 Scotus,
1621 886 1732 927 mul-

322 953 418 991 tum
450 954 516 992 est
547 953 675 993 aucta
696 951 948 993 Aristotelis
984 952 1269 1008 philosophia,
1305 967 1435 1008 quam
1467 954 1731 996 universitas

324 1017 584 1060 OXoniensis
635 1020 883 1075 amplexata
934 1034 1022 1061 11011
1073 1020 1236 1071 fuisset,
1300 1021 1347 1071 si,
1412 1022 1528 1077 quod
1578 1023 1731 1065 asserit

322 1100 480 1137 censor,
514 1087 777 1129 exercuisset
809 1086 975 1129 Scotus.

381 1154 441 1197 Et
471 1170 526 1197 ne
558 1155 677 1198 Scoti
708 1155 922 1197 vindicias
966 1170 1133 1198 sumere
1165 1156 1404 1208 videamur,
1452 1157 1568 1199 ultro
1599 1158 1728 1200 citro-

320 1237 404 1279 que
449 1224 732 1275 concedimus
783 1224 963 1266 Scotum
1006 1223 1137 1266 fuisse
1188 1224 1333 1275 talem,
1380 1224 1553 1280 qualem
1597 1226 1730 1269 habet

320 1306 496 1334 censor:
533 1293 638 1348 quid
670 1295 800 1335 tum'}
872 1292 1096 1334 Perditine
1140 1292 1328 1334 hominis
1375 1292 1504 1348 hujus
1541 1298 1727 1336 sectator

318 1359 546 1402 habendus
598 1361 682 1403 erit
735 1361 882 1403 Baco?
945 1360 1129 1402 Minime
1180 1375 1295 1403 vero.
1379 1360 1559 1403 Scotum
1611 1363 1727 1404 enim

317 1428 452 1470 istum
503 1443 581 1471 nec
632 1429 796 1481 laudat,
839 1443 917 1471 nec
964 1429 1054 1484 ejus
1100 1429 1298 1485 vestigiis
1345 1429 1626 1473 adhaerescit:
1680 1431 1727 1473 id

318 1497 434 1552 quod
466 1501 617 1539 contra
649 1501 714 1540 est
734 1512 862 1539 usum
895 1497 1090 1540 Baconis.
1153 1497 1270 1538 Nam
1304 1512 1410 1553 quos
1442 1502 1723 1550 consectatur,

318 1568 395 1606 aut
441 1579 511 1607 eos
554 1565 683 1621 plena
713 1580 848 1607 manu
882 1566 1167 1616 commendat,
1201 1569 1279 1607 aut
1310 1580 1460 1608 eorum
1491 1567 1724 1610 auctorita-

310 1637 400 1675 tem
432 1638 623 1689 usurpat.
686 1633 920 1690 Perspicua
971 1633 1047 1674 illa
1099 1637 1164 1675 est
1216 1634 1422 1684 laudatio,
1459 1649 1589 1691 quam
1641 1635 1724 1678 fre-

311 1706 494 1758 quenter
535 1702 695 1744 tribuit
739 1701 929 1744 Roberto
975 1701 1267 1743 Lincolniensi
1300 1702 1509 1758 episcopo,
1559 1706 1604 1744 et
1649 1703 1721 1745 Fr.

312 1771 423 1812 Adae
454 1785 481 1812 a
513 1768 712 1820 Marisco,
760 1770 937 1812 natione
969 1769 1125 1826 Anglo,
1176 1769 1437 1825 professione
1483 1769 1719 1814 Minor-itte.

312 1839 483 1880 Horum
517 1853 616 1880 cum
647 1838 780 1895 probe
811 1841 1007 1880 nosceret
1044 1838 1271 1894 ingenium
1315 1841 1447 1893 atque
1480 1834 1742 1880 doctrinam*

310 1908 374 1950 ita
404 1908 623 1949 laudando
655 1907 839 1958 extollit,
888 1910 940 1949 ut
984 1905 1095 1947 nihil
1125 1906 1275 1963 magis.
1339 1905 1456 1958 Quid
1482 1905 1575 1962 jam
1608 1921 1722 1948 com-

309 1990 545 2019 memorem
580 1979 850 2018 astronomos
882 1975 989 2025 11100,
1014 1989 1121 2030 quos
1153 1974 1208 2016 ob
1241 1973 1447 2016 eximiam
1479 1974 1721 2017 coelestium

308 2060 453 2087 rerum
485 2045 709 2087 scientiam
751 2058 841 2086 non
872 2043 999 2085 modo
1047 2043 1210 2094 laudat,
1245 2043 1319 2084 sed
1367 2043 1499 2084 etiam
1546 2046 1719 2087 strenue

310 2113 536 2156 defendit?
600 2113 686 2155 Sed
716 2112 809 2154 haec
841 2111 960 2153 alias.

369 2182 473 2224 Jam
504 2196 608 2224 vero
640 2181 885 2237 expendere
938 2182 1122 2235 oportet,
1158 2180 1264 2235 quid
1317 2179 1431 2220 Baco
1483 2180 1537 2221 de
1580 2183 1717 2222 astro-¹

307 2250 435 2307 logiae
468 2250 607 2307 specie
654 2249 731 2290 illa
771 2248 948 2299 dixerit,
994 2262 1125 2303 quam
1178 2249 1500 2303 prosequuntur
1546 2247 1717 2290 divina-

307 2323 431 2361 tores.
495 2319 559 2360 Ao
591 2318 732 2374 primo
780 2317 885 2358 satis
932 2319 1115 2365 constat,
1148 2315 1260 2357 male
1302 2314 1478 2357 feriatos
1509 2315 1714 2366 homineS,

309 2387 385 2441 qui
436 2386 586 2428 futura
629 2385 841 2427 daemonis
884 2398 963 2439 ope
1011 2383 1294 2434 hariolantur,
1329 2397 1425 2424 eam
1472 2384 1715 2440 astrologiae

306 2458 476 2510 partem
508 2454 629 2508 sequi
661 2467 759 2508 quae
790 2452 920 2508 plena
951 2455 1016 2493 est
1052 2450 1296 2507 praestigiis,
1331 2450 1712 2505 conjurationibus,

307 2521 638 2571 characteribus,
692 2519 970 2571 carminibus,
1025 2519 1278 2573 caeterisque
1330 2518 1456 2559 rebus
1508 2520 1714 2573 supersti-

306 2591 439 2642 tiosis,
494 2589 653 2645 quibus
714 2591 904 2630 utuntur
955 2587 987 2628 ii
1040 2586 1115 2642 qui
1168 2586 1408 2627 daemonem
1470 2587 1710 2629 consulunt.

306 2659 369 2700 At
419 2673 556 2715 genus
587 2658 667 2699 1100
718 2655 1002 2699 divinationis
1055 2668 1186 2710 quam
1237 2653 1428 2695 maxime
1485 2658 1712 2697 execratur

307 2742 401 2783 pag.
427 2729 540 2779 112;
568 2741 670 2767 nam
702 2725 779 2768 ubi
812 2724 1028 2781 duplicem
1049 2723 1282 2765 mathesim
1314 2722 1532 2773 distinxit,
1556 2722 1710 2764 falsam

307 2810 452 2846 unam,
486 2795 668 2836 alteram
720 2807 882 2844 veram,
929 2791 1249 2834 divinationem
1301 2790 1348 2831 in
1405 2804 1455 2832 eo
1501 2790 1709 2832 mathesis

305 2878 461 2920 genere
513 2862 750 2913 collocavit,
805 2861 922 2917 quod
968 2860 1075 2903 artis
1122 2859 1301 2916 magicae
1352 2857 1529 2902 nomine
1560 2858 1705 2902 donat,
