1964 3259
151 603 223 635 The
240 603 324 635 mul-

150 647 334 689 tiplication

151 693 190 723 of
199 694 328 734 spec-iffi,

376 265 391 305 1
407 264 461 303 10
533 250 538 260 “
881 272 1052 304 1101111111
1084 271 1287 305 13116οΝ13.
1669 268 1784 316 [C‘AP.

913 466 1015 509 CAP.
1052 466 1246 509 XXXII.

437 594 624 637 DEINDE
645 594 841 637 converti
863 593 1057 650 stylum¹
1089 593 1145 636 ad
1175 593 1589 650 multiplicationem
1626 594 1785 651 specie-

375 676 472 706 rum
515 679 540 706 a
576 664 668 705 1060
706 678 796 706 suae
831 663 1153 718 generationis3
1196 666 1239 705 et
1276 663 1340 704 ibi
1377 667 1481 705 sunt
1518 664 1647 719 longe
1690 678 1782 705 ma·-

150 737 325 777 explained
369 733 468 788 jora
499 736 543 774 et
574 734 708 789 plura.
772 731 888 774 Sed<3
934 732 1026 774 haec
1067 732 1377 788 multiplicatio
1409 747 1498 773 non
1530 735 1676 788 potest
1708 747 1783 774 ex—

152 782 328 822 geometri-

153 826 250 868 cally.

152 1011 179 1040 1.
205 1009 260 1051 By

150 1054 293 1095 straight

150 1099 233 1130 lines
250 1099 285 1130 in

149 1143 262 1175 bodies
278 1142 318 1174 of

149 1188 293 1220 uniform
311 1201 318 1226 ;

150 1234 196 1274 by
212 1243 263 1264 re-

148 1277 274 1309 fracted

150 1322 233 1353 lines
250 1322 285 1353 in

148 1366 263 1398 bodies
279 1366 318 1398 of

150 1412 294 1452 unequal

149 1456 292 1497 denssty.

151 1976 234 2008 This
250 1986 300 2008 re-

151 2021 289 2053 fraction
309 2021 347 2053 of

150 2070 214 2097 two
231 2066 338 2099 kinds.

375 801 537 857 plicari,
572 816 650 843 1166
691 801 804 851 sciri,
837 800 922 842 nisi
965 801 1012 841 in
1045 800 1182 853 lineis,
1216 801 1391 856 angulis
1434 804 1477 842 et
1510 800 1662 856 figuris
1688 817 1697 852 ;
1740 803 1786 842 et

375 870 472 911 ideo
514 870 695 926 exposui
725 873 868 912 totam
909 869 1321 925 multiplicationem
1354 870 1593 911 secundum
1636 883 1785 911 omnes

376 937 645 980 differentias
677 938 905 990 linearum,
948 942 993 980 et
1035 938 1307 994 angulorum,
1352 941 1397 979 et
1439 938 1692 993 figurarum,
1735 938 1784 979 in

376 1007 534 1062 quibus
578 1007 820 1049 delectatur
850 1009 1012 1047 natura
1053 1007 1234 1062 operari.
1301 1007 1361 1047 Et
1391 1006 1631 1048 certificavi
1668 1006 1783 1061 quod

374 1076 534 1131 species
587 1075 904 1131 multiplicatur
945 1089 1075 1130 super
1125 1075 1262 1116 lineas
1303 1078 1454 1126 rectas,
1502 1076 1606 1116 dum
1658 1074 1785 1116 vadit

374 1144 422 1185 in
456 1144 607 1186 eodem
641 1158 828 1200 corpore,
864 1146 916 1184 ut
949 1144 997 1184 in
1034 1143 1148 1194 coelo,
1185 1143 1256 1184 vel
1297 1144 1409 1200 igne,
1446 1143 1518 1185 vel
1559 1147 1669 1194 a'e're,
1713 1143 1784 1184 vel

374 1227 498 1268 aqua,
523 1213 594 1254 vel
626 1212 719 1254 alic.
785 1212 871 1254 Sed
901 1226 999 1253 611111
1031 1212 1156 1254 venit
1185 1212 1242 1253 ad
1273 1226 1427 1268 corpus
1456 1211 1662 1254 subtilius
1690 1210 1784 1253 ν613

375 1281 562 1334 densius,
605 1286 713 1324 tunc
764 1282 916 1334 adhuc,
959 1282 996 1323 si
1038 1281 1155 1323 cadit
1196 1280 1616 1337 perpendiculariter
1657 1294 1785 1336 super

375 1365 529 1407 corpus
567 1350 808 1393 secundum
843 1350 1021 1392 densius
1058 1349 1130 1392 vel
1165 1349 1318 1400 rarius,
1362 1352 1485 1392 tenet
1522 1349 1569 1389 in
1610 1363 1659 1390 eo
1690 1349 1785 1390 vias

375 1423 527 1462 rectas.
634 1420 684 1462 Si
753 1419 887 1461 etiam
955 1433 1108 1476 corpus
1177 1419 1367 1474 primum
1436 1421 1481 1459 et
1547 1417 1785 1460 secundum

375 1492 606 1543 aequentur
642 1490 690 1530 in
732 1488 916 1530 raritate
947 1488 1017 1530 vel
1065 1487 1294 1538 densitate,
1338 1487 1479 1529 adhuc
1510 1487 1558 1528 in
1598 1490 1786 1542 utroque

378 1561 502 1600 tenet
553 1559 646 1600 vias
698 1562 848 1600 rectas.
933 1557 1021 1599 Sed
1072 1558 1108 1598 si
1160 1571 1314 1613 corpus
1365 1558 1604 1599 secundum
1654 1557 1786 1598 fuerit

378 1626 582 1668 densius4
623 1627 765 1682 primo
807 1626 919 1666 radii
961 1625 1166 1667 cadentes
1208 1626 1264 1666 ad
1311 1625 1495 1681 angulos
1537 1625 1783 1680 inaequales,

376 1695 538 1737 scilicet
573 1695 648 1750 qui
690 1694 802 1735 radii
843 1708 932 1735 non
976 1696 1081 1734 sunt
1133 1693 1519 1749 perpendiculares,
1563 1693 1785 1735 declinant

377 1764 424 1804 in
459 1762 684 1819 superficie
731 1762 921 1818 corporis
964 1762 1142 1803 secundi
1184 1776 1210 1802 a
1253 1764 1370 1803 recto
1413 1762 1592 1813 incessu,
1626 1765 1671 1803 et
1722 1761 1785 1802 ibi

375 1832 544 1874 faciunt
586 1831 823 1888 anguhun3
866 1833 910 1872 et
951 1831 1044 1873 hfec
1081 1830 1314 1871 declinatio
1351 1830 1570 1886 angularis
1603 1833 1785 1873 vocatur

377 1900 532 1942 fractio
554 1899 674 1941 radii.

437 1969 523 2011 Sed
564 1969 656 2011 llaec
697 1968 851 2010 fractio
893 1967 1093 2009 variatur
1144 1967 1314 2008 duobus
1356 1966 1508 2008 modis.
1591 1966 1707 2007 Nam
1749 1966 1786 2008 si

376 2053 528 2094 corpus
591 2037 832 2079 secundum
907 2039 972 2078 est
1040 2036 1217 2077 densius
1285 2035 1437 2091 primo,
1505 2038 1556 2077 ut
1630 2034 1786 2076 accidit

376 2106 674 2148 descendendo
728 2120 754 2147 a
804 2105 912 2147 coelo
964 2105 1011 2145 in
1062 2104 1252 2160 sphaeras
1303 2104 1628 2155 elementorum,
1681 2106 1787 2145 tunc

375 2176 529 2217 fractio
561 2164 673 2217 radii
705 2178 771 2216 est
813 2174 929 2215 inter
969 2173 1185 2214 incessum
1222 2175 1388 2214 rectum
1425 2175 1470 2212 et
1506 2171 1787 2227 perpendicu-

376 2245 511 2285 larem
549 2244 789 2285 ducendam
827 2258 853 2283 a
890 2243 982 2283 loco
1014 2241 1239 2283 fractionis
1276 2242 1323 2281 in
1356 2254 1510 2295 corpus
1539 2240 1784 2281 secundum.

377 2312 425 2353 Si
467 2327 570 2353 vero
615 2325 770 2367 corpus
822 2310 1059 2352 secundum
1114 2312 1180 2350 6313
1231 2309 1384 2359 rarius,
1439 2311 1546 2348 tunc
1597 2309 1786 2348 incessus

378 2383 521 2421 rectus
589 2380 707 2421 cadit
769 2380 886 2420 inter
946 2378 1204 2419 fractionem
1275 2379 1320 2417 et
1385 2375 1785 2431 perpendicularem

381 2448 622 2490 ducendam
656 2462 683 2488 a
713 2447 805 2488 loco
836 2446 1072 2487 fractionis.
1137 2446 1198 2486 Et
1227 2445 1318 2487 haec
1339 2444 1528 2485 variatio
1560 2443 1785 2485 fractionis·

380 2517 427 2558 in
478 2515 844 2572 multiplicatione
865 2515 881 2538 ⁵
929 2515 1147 2556 virtutum
1190 2513 1456 2555 naturalium
1499 2517 1564 2555 est
1605 2528 1693 2555 una
1734 2514 1786 2555 de

426 2667 432 2684 ¹
467 2663 600 2706 stylum]
628 2664 721 2704 Opus
738 2662 857 2703 Majus‚
875 2672 904 2704 p.
924 2665 974 2694 07.
1120 2661 1253 2692 densius
1270 2661 1388 2702 primo,
1402 2666 1434 2693 et
1449 2661 1532 2692 radii
1545 2661 1708 2699 cadentes,
1722 2661 1785 2699 U.;

427 2720 439 2736 ‘2
466 2718 549 2759 Sed]
576 2721 619 2755 et,
642 2716 680 2748 T.
1119 2714 1218 2746 fuerit
1234 2715 1287 2746 vel
1303 2715 1437 2746 densius
1454 2715 1571 2756 primo,
1589 2716 1628 2747 L.

426 2773 437 2789 ³
460 2770 525 2812 rel]
553 2775 593 2807 et,
617 2770 657 2801 T.
1164 2769 1175 2785 ⁵
1191 2766 1464 2810 nmltiplicaeione]
1536 2769 1787 2810 multiplicitate,

428 2824 555 2865 'fiterit
584 2822 729 2864 elensius]
766 2822 830 2853 fuit
860 2821 966 2853 rarius
996 2821 1048 2851 vel
1121 2821 1159 2852 Τ.
