1964 3259
348 260 403 298 48
847 266 1016 298 11661161
1049 265 1243 297 ΒΑ66Ν16
1636 255 1751 312 [CAP.

347 383 676 440 distinguantur
718 383 816 424 duee
867 386 1024 438 partes,
1064 382 1255 438 practica
1297 386 1340 422 ct
1382 380 1660 436 speculativa,
1704 385 1755 422 ut

346 453 470 494 docet
502 452 730 494 Avicenna
761 452 901 507 primo
933 451 1057 493 Artis
1089 448 1346 499 Μ6ε116111ε11,1
1388 452 1538 491 16111611
1574 450 1753 491 moralis

346 521 620 577 philosophia
655 520 746 562 sola
787 520 947 562 dicitur
980 519 1300 561 antonomatice
1338 522 1381 559 et
1422 517 1594 574 proprie
1634 532 1754 573 prac-

346 590 462 631 tica:
498 590 601 645 quia
619 587 830 645 practica
862 588 1022 630 dicitur
1053 602 1080 629 a
1107 586 1262 643 praxi,
1287 586 1404 642 quod
1435 590 1500 628 est
1522 585 1756 642 operatio,-

348 661 392 699 et
422 672 511 699 non
542 673 569 699 a
609 671 875 714 quacunque,
912 656 987 698 sed
1019 657 1073 697 ab
1111 656 1360 712 operatione
1396 658 1557 705 nostra,
1592 654 1757 696 scilicet

349 726 403 767 de
437 726 602 768 virtute
637 729 681 767 et
714 725 836 775 vitio,
874 725 951 766 de2
986 724 1195 766 felicitate
1229 727 1273 766 et
1304 738 1444 780 poena.
1509 723 1569 764 Et
1609 736 1757 764 omnes

350 794 447 836 aliae
492 794 697 836 dicuntur
743 793 1035 850 speculativae,
1076 807 1173 848 quae
1217 807 1306 834 non
1347 791 1625 834 considerant
1666 790 1757 832 11666

351 876 480 918 611616
510 862 616 904 vitae
649 862 874 918 praesentis
918 864 962 903 et
1005 860 1176 912 futui-ze,
1211 860 1369 915 quibus
1400 860 1530 902 homo
1563 859 1758 900 salvatur

350 930 422 971 vel
452 930 695 971 damnatur.
761 928 922 971 Omnia
942 943 1046 970 vero
1078 943 1208 984 opera
1239 928 1344 969 artis
1370 931 1414 970 et
1444 931 1612 969 naturae
1644 927 1758 968 ordi-

349 1001 513 1039 nantur
543 998 599 1039 ad
635 998 727 1039 haec
759 1011 888 1053 opera
919 996 1111 1047 moralia,
1146 1000 1191 1038 et
1222 999 1324 1038 sunt
1355 999 1532 1052 propter
1563 1010 1639 1047 ea3
1681 1009 1760 1036 nec

350 1066 513 1107 habent
543 1066 782 1107 utilitatem
814 1065 900 1106 nisi
931 1065 1167 1106 secundum
1199 1064 1317 1119 quod
1355 1064 1557 1119 operibus
1588 1078 1759 1105 morum

351 1134 605 1176 deserviunt
621 1149 630 1185 ;
664 1137 708 1175 613
739 1133 838 1174 ideo
880 1132 1081 1188 practicae
1114 1135 1158 1174 et
1195 1132 1430 1187 operativae
1462 1131 1665 1183 scientiae,
1708 1134 1760 1171 ut

352 1202 705 1258 cxperimentalis
737 1201 923 1243 alkimia
954 1204 998 1242 et
1039 1203 1206 1252 caetera,
1241 1199 1448 1241 dicuntur
1479 1199 1759 1255 speculativae

351 1274 549 1326 respectu
570 1269 884 1325 operationum,
908 1283 1005 1324 quae
1038 1272 1140 1310 sunt
1172 1268 1219 1309 in
1250 1268 1404 1309 morali
1436 1281 1511 1309 seu
1542 1266 1611 1308 in³
1642 1266 1761 1308 civili

353 1339 543 1380 scicntia.
597 1338 656 1379 Et
687 1337 779 1379 haec
811 1336 992 1378 scientia
1023 1339 1088 1378 6613
1120 1335 1297 1377 domina
1317 1336 1511 1391 partium
1543 1333 1760 1376 6111111111114

353 1406 651 1463 philosophiae,
685 1409 730 1448 et
760 1405 903 1447 utitur
935 1405 996 1447 eis
1028 1408 1072 1446 et
1103 1404 1302 1460 imperat,
1335 1407 1513 1460 propter
1543 1403 1761 1444 utilitates

355 1475 585 1516 civitatum
628 1477 672 1516 et
713 1488 955 1530 regnorum.
1039 1473 1155 1514 Nam
1193 1487 1268 1528 per
1309 1473 1421 1514 hanc
1463 1471 1623 1513 debent
1660 1471 1761 1527 eligi

355 1543 551 1584 homines
584 1542 659 1598 qui
703 1542 908 1584 studeant
947 1541 994 1582 in
1037 1541 1218 1582 diversis
1263 1540 1453 1582 scientiis
1493 1543 1537 1581 et
1581 1539 1759 1591 artibus

356 1615 533 1668 propter
563 1611 727 1652 bonum
759 1624 1006 1662 commune3
1029 1613 1073 1650 et
1105 1623 1253 1651 omnes
1285 1609 1331 1650 in
1353 1608 1531 1651 civitate
1553 1612 1598 1650 et
1628 1623 1761 1664 regno

355 1680 413 1721 sic
446 1679 630 1728 ordinat,
653 1681 705 1719 ut
735 1678 881 1719 nullus
913 1680 1137 1720 remaneat
1169 1677 1341 1719 otiosus.

132 1758 195 1790 His
210 1758 262 1790 six
278 1759 327 1790 di-
415 1747 473 1788 Et
516 1746 608 1789 haec
653 1746 786 1787 habet
829 1760 905 1787 sex
951 1748 1096 1801 partes
1140 1758 1343 1800 magnas:
1402 1744 1544 1799 prima
1588 1743 1761 1786 ordinat

131 1803 323 1889 Xffiffispssf
355 1815 574 1857 hominem
607 1814 663 1856 ad
696 1813 850 1863 Deum,
885 1814 1121 1855 secundum
1154 1812 1270 1868 quod
1303 1826 1393 1854 esse
1423 1810 1592 1868 posset⁵
1622 1812 1760 1868 philo-

131 1892 338 1934 losophy:—
355 1883 531 1939 sophiae,
565 1885 610 1924 et
646 1881 855 1924 certificat
886 1896 984 1937 quae
1015 1884 1160 1937 potest
1192 1880 1244 1921 de
1276 1879 1382 1930 Deo,
1426 1883 1470 1921 et
1500 1880 1554 1921 de
1585 1880 1761 1936 angelis,

129 1936 296 2022 ἶόὲξξὶὼ
357 1955 400 1993 61
432 1949 716 2002 daemonibus,
752 1953 797 1991 et
832 1949 927 1991 vita
967 1949 1127 2000 futura,
1161 1952 1253 1989 tam
1290 1947 1344 1990 de
1375 1947 1514 2004 gloria
1545 1962 1676 2003 quam
1708 1947 1761 1989 de

355 2034 514 2076 poena3
557 2022 601 2061 et
630 2033 719 2060 non
751 2018 891 2059 solum
933 2017 986 2059 de
1022 2017 1118 2058 vita
1158 2016 1325 2068 animae,
1358 2016 1433 2057 sed
1465 2015 1519 2057 de
1550 2014 1764 2072 6611161166

355 2087 677 2130 resurrectione.
761 2087 820 2127 Et
862 2086 973 2127 mira
1008 2085 1271 2141 scripserunt
1312 2083 1558 2140 philosophi
1594 2084 1642 2125 in
1682 2084 1762 2126 hac

355 2159 490 2212 parte.
573 2155 690 2196 Nam
722 2168 859 2210 usque
891 2154 947 2195 ad
985 2153 1208 2195 Christum
1242 2155 1286 2194 et
1318 2152 1501 2193 Beatam
1535 2151 1761 2208 Virginem

355 2223 745 2266 considerationem
778 2237 900 2264 suam
930 2221 1247 2270 exaltaverunt,
1270 2220 1382 2261 sicut
1409 2220 1546 2262 scribo
1568 2220 1613 2261 in
1639 2223 1762 2276 parte

355 2293 498 2348 prima
545 2291 724 2333 Moralis
772 2290 1076 2346 Philosophiae.
1162 2288 1222 2330 Et
1267 2288 1397 2343 hujus
1443 2287 1557 2329 ratio
1603 2285 1764 2343 magna

357 2363 432 2408 est,
468 2359 571 2414 quia
602 2358 839 2414 patriarchi
880 2362 925 2400 et
955 2357 1179 2414 prophetae
1210 2370 1299 2397 non
1330 2355 1470 2397 solum
1501 2355 1763 2411 scripserunt

355 2427 408 2469 de
435 2427 529 2468 Deo
560 2426 607 2467 in
638 2426 787 2468 Veteri
811 2425 1102 2477 Testamento,
1134 2424 1209 2466 sed
1240 2424 1287 2465 in
1318 2423 1468 2465 multis
1499 2423 1597 2465 aliis
1628 2423 1761 2473 libris,

406 2705 414 2724 ¹
440 2704 533 2737 Artis
549 2702 742 2745 M'edicinoe]
770 2702 857 2734 circa
874 2700 943 2733 init.
961 2701 983 2735 f.
998 2705 1027 2733 4.
1143 2700 1153 2718 ⁴
1163 2699 1308 2741 partium
1330 2698 1481 2741 omnium]
1517 2697 1663 2730 omnium
1688 2707 1763 2739 par-

360 2759 412 2791 ed.
433 2762 528 2790 1522.
1098 2752 1191 2791 tium,
1215 2752 1254 2785 T.

405 2812 417 2829 '²
433 2810 488 2852 de]
515 2816 557 2849 et,
582 2811 621 2842 B.
1143 2806 1154 2822 ⁵
1170 2816 1235 2836 esse
1246 2804 1372 2847 posset]
1400 2803 1552 2845 possibile
1576 2808 1635 2843 est,
1660 2803 1698 2835 T.

407 2862 486 2905 ²³1'n]
514 2873 577 2895 om.
603 2862 643 2894 T.
1061 2815 1069 2900 Ι
1142 2859 1154 2876 ⁶
1170 2857 1331 2900 eorporis]
1359 2867 1542 2898 corporum,
1566 2856 1604 2889 Β.
