1964 3259
155 1565 304 1599 VOWelr'.

383 257 469 299 498
883 264 1054 297 RoGERr
1087 263 1279 297 BAcoms
1671 254 1788 312 [cAP.

382 385 672 428 communiter
712 385 878 427 habent
920 384 1061 427 Graeci
1103 386 1148 426 et
1196 382 1373 426 Latini}
1454 382 1573 424 Nam
1623 383 1671 424 in
1713 384 1791 426 ali-

382 454 540 510 quibus
581 454 908 497 communicant
949 454 997 495 in
1037 453 1225 504 nomine,
1259 455 1310 495 ut
1351 451 1399 493 in
1440 466 1460 494 e
1502 455 1548 493 et
1578 452 1625 493 in
1657 466 1682 494 o
1713 453 1790 494 du-

380 523 483 579 plici
516 527 560 565 et
590 523 732 579 ypsilo
758 540 767 575 3
809 523 883 565 sed
921 523 968 564 in
998 523 1140 579 figura
1171 537 1261 564 non
1303 521 1572 563 conveniunt
1614 520 1792 563 omnino

379 593 464 634 nisi
506 593 553 633 in
595 607 615 634 6
657 595 701 634 61
743 592 791 632 111
831 591 935 634 iota.
1000 591 1056 632 In
1088 591 1349 647 quibusdam
1380 593 1531 632 tamen
1574 590 1672 631 aliis
1714 589 1793 631 ali-

377 661 566 717 qualiter
602 661 650 702 in
691 660 844 717 figuris
887 660 1107 716 aliquibus
1148 659 1428 709 conveniunt,
1461 662 1513 701 ut
1554 658 1704 714 alpha,
1748 662 1793 701 et

376 730 483 781 vita,
518 733 563 771 et
606 729 736 779 delta,
772 732 816 771 et
848 728 1012 785 kappa,
1048 731 1093 770 et
1135 728 1215 779 mi,
1251 731 1295 770 et
1330 727 1397 778 wi,
1433 731 1477 769 et
1508 727 1620 769 tau?
1683 728 1793 770 Haec

375 802 531 855 patent
573 813 629 840 ex
669 798 914 855 alphabeto.
978 797 1193 840 Similiter
1237 797 1448 840 differunt
1489 796 1629 839 literae
1661 811 1792 853 penes

374 867 708 924 longitudinem,
747 870 792 909 et
832 867 1111 918 brevitatem,
1154 870 1199 909 et
1241 866 1564 922 aspirationem,
1609 869 1654 908 et
1696 866 1794 921 qui-

373 937 560 979 busdam
593 936 689 978 aliis
720 935 872 987 modis,
908 935 961 978 de
1004 935 1163 991 quibus
1205 949 1282 977 suo
1319 935 1411 977 loco
1454 934 1632 977 dicetur.
1696 934 1792 977 Dif-

374 1007 560 1049 ferentia
611 1009 759 1048 autem
811 1005 1063 1062 principalis
1115 1009 1160 1048 et
1209 1005 1513 1048 substantialis
1564 1004 1790 1047 literarum

375 1080 440 1117 est
481 1090 612 1131 penes
647 1089 804 1116 sonum
847 1073 1192 1116 substantialem.
1257 1073 1374 1115 Nam
1408 1073 1482 1115 ille
1514 1087 1645 1115 sonus
1686 1073 1791 1116 facit

374 1145 557 1187 literam.
620 1144 917 1186 Accidentalis
956 1147 1103 1185 autem
1141 1142 1373 1184 diversitas
1407 1146 1474 1184 est
1509 1157 1640 1198 penes
1681 1143 1790 1199 figu-

375 1229 455 1263 ras,
506 1217 550 1255 et
602 1213 792 1265 nomina,
847 1216 890 1254 et
936 1211 1271 1268 longitudinem,
1326 1215 1370 1253 et
1420 1211 1695 1263 brevitatem,
1748 1216 1792 1254 et

375 1283 721 1340 aspirationem3
763 1283 876 1324 sicut
912 1282 1040 1333 homo
1084 1296 1139 1323 ex
1180 1281 1261 1323 hoc
1303 1280 1422 1336 quod
1459 1284 1524 1323 est
1565 1281 1790 1322 rationalis

377 1353 526 1395 differt
568 1353 623 1395 ab
668 1352 791 1395 asino
839 1351 1129 1394 essentialiter
1172 1353 1216 1392 61
1268 1349 1629 1393 substantialiter.
1705 1349 1792 1392 Sed

377 1422 702 1464 accidentaliter
743 1435 857 1463 unus
908 1420 1036 1462 homo
1080 1419 1229 1461 differt
1276 1419 1331 1460 ab
1373 1419 1458 1461 alio
1500 1418 1674 1460 homine
1715 1434 1793 1475 per

377 1505 550 1543 nomen,
583 1495 627 1533 ot
667 1490 866 1547 figuram,
901 1493 945 1532 et
987 1489 1182 1539 colorem,
1226 1492 1270 1530 et
1312 1503 1389 1544 per
1429 1488 1681 1543 hujusmodi
1722 1502 1790 1530 ac-

378 1561 579 1602 cidentia.
656 1559 837 1601 Vocales
888 1558 1026 1614 igitur
1077 1557 1274 1599 omnium
1325 1558 1575 1613 linguarum
1627 1557 1792 1599 habent

378 1629 680 1671 diversitatem
721 1628 769 1668 in
809 1626 1086 1683 longitudine
1134 1630 1178 1667 et
1223 1626 1450 1668 brevitate.
1514 1625 1601 1668 Sed
1642 1630 1793 1668 tamen

377 1698 528 1754 lingua
571 1697 731 1738 Latina
770 1710 860 1737 non
900 1695 1034 1736 habet
1075 1694 1239 1750 figuras
1281 1698 1325 1736 et
1368 1695 1546 1736 nomina
1592 1694 1792 1750 specialia

378 1781 455 1823 pro
501 1766 582 1808 hac
625 1765 880 1807 diversitate
925 1764 1037 1805 sicut
1080 1762 1228 1804 Graeci.
1292 1762 1409 1804 Nam
1455 1763 1619 1819 triplex
1660 1763 1682 1805 i
1726 1767 1791 1806 est

378 1835 495 1892 apud
538 1834 719 1876 Graecos.
789 1833 943 1875 Unum
985 1835 1050 1873 est
1090 1831 1282 1887 longum,
1327 1831 1444 1886 quod
1485 1835 1668 1873 Vocatur
1708 1831 1787 1881 ita,

379 1908 423 1946 et
469 1903 603 1945 habet
648 1903 834 1958 figuram
886 1900 1106 1957 propriam
1148 1899 1447 1955 multiplicem.
1523 1899 1581 1942 Et
1627 1900 1791 1943 habent

380 1973 466 2015 duo
508 1971 528 2015 i
569 1971 617 2013 in
659 1970 908 2013 differentia
949 1970 1004 2011 ad
1035 1969 1217 2025 longum
1251 1972 1296 2011 et
1328 1969 1472 2012 breve.
1536 1968 1689 2011 Unum
1726 1973 1791 2012 est

379 2042 492 2083 sicut
525 2041 546 2083 i
587 2043 798 2091 nostrum,
834 2038 998 2080 scilicet
1031 2037 1138 2090 iota,
1177 2037 1293 2093 quod
1330 2041 1396 2080 est
1430 2052 1599 2094 semper
1631 2039 1792 2080 vocalis

379 2110 497 2166 apud
530 2110 714 2160 (11116603,
747 2112 791 2150 61
823 2121 1052 2162 nunquam
1087 2120 1337 2149 consonans.
1401 2106 1489 2149 Sed
1522 2107 1643 2149 aliud
1674 2107 1791 2163 quod

376 2182 560 2221 vocatur
610 2177 771 2234 ypsilo,
815 2176 926 2218 illud
980 2176 1117 2218 habet
1161 2190 1316 2223 sonum
1368 2175 1567 2228 debilem,
1616 2180 1794 2232 propter

376 2248 493 2303 quod
535 2247 676 2289 Graeci
709 2260 879 2302 semper
919 2245 1115 2301 aspirant
1151 2243 1262 2285 illud
1299 2244 1564 2300 aspiratione
1604 2244 1707 2286 forti
1745 2245 1792 2286 in

376 2316 588 2372 principio
625 2315 840 2366 dictionis,
885 2317 936 2355 ut
979 2313 1069 2369 ejus
1116 2327 1248 2355 sonus
1290 2312 1560 2355 fortificetur.
1638 2313 1790 2368 Ypsili

377 2385 493 2426 enim
522 2384 640 2426 idem
670 2387 735 2425 est
764 2382 880 2438 quod
904 2386 1050 2433 tenue,
1074 2385 1118 2423 et
1149 2385 1348 2423 mutatur
1376 2380 1397 2423 i
1425 2381 1469 2423 in
1496 2396 1531 2432 0,
1560 2385 1604 2423 61
1633 2382 1792 2424 dicitur

375 2451 535 2508 ypsilo,
590 2452 700 2493 sicut
761 2450 925 2506 placuit
988 2450 1160 2492 Graecis.
1255 2449 1405 2491 Latini
1466 2464 1569 2492 vero
1626 2449 1791 2492 habent

375 2536 510 2563 unam
561 2520 747 2576 figuram
799 2533 877 2574 pro
921 2517 1083 2573 ypsilo,
1122 2532 1219 2572 quae
1271 2517 1419 2559 differt
1460 2533 1486 2558 a
1526 2517 1789 2573 figuratione

375 2590 511 2647 ipsius
542 2587 702 2644 ypsilo,
733 2591 788 2629 ut
818 2590 941 2642 patet
972 2601 1049 2642 per
1080 2589 1270 2628 tractum
1302 2585 1552 2627 inferiorem
1583 2600 1624 2641 9,
1658 2601 1789 2641 quam

376 2659 562 2715 figuram
608 2658 768 2698 vocant
809 2669 839 2710 9
875 2654 1085 2696 Graecum.
1150 2654 1254 2695 Non
1296 2657 1445 2696 tamen
1487 2658 1668 2711 propter
1708 2655 1789 2697 1106

377 2731 443 2769 631
471 2727 611 2782 figura
644 2724 804 2773 Graeca,
838 2738 918 2765 nec
953 2723 1001 2764 in
1031 2722 1266 2778 alphabeto
1299 2722 1450 2765 Graeco
1483 2723 1788 2780 computanda.

423 2879 430 2896 ¹
449 2877 582 2919 Latini]
612 2876 662 2909 Cf.
678 2875 840 2914 Priscian,
858 2875 878 2907 i.
896 2875 966 2906 init.
1077 2875 1083 2918 Ι
1150 2876 1162 2893 ²
1178 2875 1250 2918 tau]
1278 2875 1339 2913 cal,
1358 2875 1431 2907 MS.
