1964 3259
753 246 986 277 APPENDIX
1020 248 1063 277 n.
1526 241 1605 281 561

215 368 236 382 “
271 362 467 404 videmus
509 363 702 404 homines
750 377 824 417 per
867 363 1130 411 societatem,
1170 363 1358 411 consilia,
1396 365 1607 413 timorem,

213 435 233 449 “
266 433 310 470 et
341 445 540 480 amorem,
576 434 619 471 et
650 429 911 485 hujusmodi,
947 429 1136 471 multum
1168 433 1338 471 mutare
1372 431 1423 472 de
1456 446 1610 486 propo-

267 497 360 547 sito,
395 502 438 539 et
468 498 604 554 gratis
636 498 745 539 velle
779 511 828 538 ea
860 511 956 552 quce
989 497 1108 552 prius
1130 513 1218 539 non
1252 498 1472 547 volebant,
1509 499 1610 540 licet

212 570 233 584 “
264 579 352 606 non
374 569 610 621 cogantur;
642 566 753 606 sicut
769 565 841 606 ille
860 564 933 619 qui
962 579 1034 619 spe
1067 565 1219 606 salutis
1242 565 1416 621 projicit
1448 581 1608 608 merces

264 632 311 672 in
356 647 472 674 marc
520 632 769 674 carissimas.
856 632 1075 674 Caeterum
1125 647 1202 674 nos
1235 633 1446 683 Videmus,
1494 635 1609 688 quod

263 700 421 754 species
469 714 545 742 seu
587 700 773 742 virtutes
818 714 962 741 rerum
1015 699 1269 741 inferiorum
1322 701 1607 743 immutantes

261 781 408 808 sensus
440 771 619 816 nostros,
651 768 781 808 etiam
804 767 962 821 species
986 767 1226 808 visibilium
1261 771 1305 809 et
1333 769 1603 818 audibilium,

261 849 358 888 quae
390 835 591 876 debiliter
622 835 861 875 immutant
893 847 1055 888 corpus
1095 834 1159 874 ita
1197 834 1369 876 fortiter
1404 836 1604 877 excitant

209 907 229 921 “
261 901 456 942 homines
490 902 545 942 ad
577 901 811 942 volendum
844 914 941 955 qufc
971 901 1091 955 prius
1122 916 1211 942 non
1243 903 1465 952 curalmnt,
1491 903 1606 957 quod

261 968 494 1023 aliquando
526 983 603 1010 nec
635 971 830 1017 mortem,
872 982 949 1009 nec
997 967 1234 1019 infamiam,
1281 984 1359 1011 nec
1403 970 1604 1011 timorem

207 1041 227 1055 “
260 1035 491 1085 aestimant,
516 1036 749 1076 (huninodo
782 1049 879 1075 suas
912 1035 1155 1089 compleant
1182 1036 1461 1088 voluntates3
1494 1038 1605 1078 sicut

261 1106 365 1143 sunt
411 1102 486 1152 illi,
530 1103 606 1158 qui
643 1103 796 1143 vident
840 1106 884 1143 et
931 1102 1120 1144 audiunt
1163 1117 1261 1144 suos
1303 1104 1499 1145 inimicos
1544 1105 1605 1145 eis

261 1184 489 1219 occurrere,
534 1173 578 1211 et
609 1169 809 1211 feruntur
853 1170 970 1210 omni
1014 1184 1114 1211 casu
1146 1170 1426 1226 contingente
1468 1175 1518 1212 ut
1560 1187 1603 1213 se

259 1237 493 1278 vindicent.
549 1237 761 1279 Similiter
783 1236 1034 1292 voluptuosi
1069 1238 1400 1293 opportunitate
1427 1242 1602 1294 accepta

206 1311 227 1325 “
260 1305 504 1360 complendi
548 1319 646 1346 suas
685 1304 860 1345 delicias
907 1304 1019 1345 circa
1062 1320 1128 1346 res
1173 1305 1287 1346 visas
1331 1309 1374 1346 et
1416 1307 1600 1355 auditas,

259 1372 382 1428 quasi
412 1372 543 1413 bruta
574 1372 782 1412 animalia
812 1375 1044 1413 moventur
1077 1375 1226 1414 contra
1251 1373 1465 1427 judicium
1498 1375 1603 1414 rati·

206 1446 227 1460 “
259 1441 362 1490 onis,
407 1440 542 1496 gratis
589 1440 797 1495 eligentes
844 1454 894 1481 ea
941 1439 996 1480 ad
1040 1454 1138 1494 quae
1186 1441 1447 1482 excitantur.
1513 1441 1600 1482 Sed

206 1513 227 1528 (C

205 1581 226 1596 (ί

259 1507 385 1563 longe
437 1507 574 1563 magis
627 1510 807 1562 possunt
859 1507 1048 1548 virtutes
1101 1508 1308 1549 coelorum
1351 1512 1395 1549 et
1438 1509 1598 1562 species

258 1589 405 1616 eorum
437 1578 481 1615 et
523 1575 747 1615 stellarum
795 1573 927 1614 fortes
974 1574 1222 1628 imprimere
1266 1575 1314 1615 in
1361 1589 1514 1630 corpus
1556 1579 1600 1616 et

202 1649 223 1663 ‘⁴
257 1656 426 1698 organa,
452 1641 608 1696 quibus
630 1641 907 1682 vehementer
938 1641 1146 1691 alteratis,
1170 1641 1436 1683 excitabitur
1472 1642 1601 1684 homo

204 1716 225 1731 (ζ

203 1784 225 1799 ζ(

257 1709 429 1751 fortiter
460 1709 515 1750 ad
548 1712 669 1750 actus
702 1722 810 1758 SUOS,
845 1708 897 1749 de
929 1708 1088 1762 quibus
1119 1723 1207 1750 non
1253 1710 1423 1750 curavit
1467 1710 1598 1764 prius,

257 1777 379 1819 salvo
416 1790 510 1818 succ
547 1775 768 1818 libertatis
804 1774 1034 1816 (Μ’ὒὶίννὶ().υ

261 1845 321 1885 Et
364 1844 399 1884 si
442 1843 555 1884 forte
603 1858 628 1883 a
672 1843 843 1883 Bacone
888 1857 1055 1896 quaeras
1098 1857 1182 1897 quo
1230 1847 1355 1898 pacto
1402 1844 1494 1895 fiat,
1551 1848 1600 1885 ut

203 1915 476 1952 astronomus
527 1911 689 1966 partim
756 1923 811 1950 ex
863 1912 987 1950 motu
1031 1924 1269 1964 corporum,
1324 1910 1488 1965 partim
1541 1925 1595 1951 ex

200 1979 480 2020 inclinatione
514 1977 715 2032 conjiciat
746 1977 917 2017 futuros
949 1979 1071 2018 actus
1107 1977 1344 2027 hominum,
1398 1977 1482 2018 tibi
1516 1978 1599 2019 crit
1640 1971 1645 1974 ⁴

202 2050 360 2102 praesto
382 2046 555 2094 ibidem,
581 2045 755 2086 dicens:
791 2044 886 2084 “Et
918 2047 1191 2085 astronomus
1223 2044 1268 2085 in
1300 2045 1379 2086 hoc
1409 2045 1598 2085 multum

202 2119 224 2135 “
251 2113 445 2168 juvatur,
479 2112 594 2168 quod
639 2112 762 2152 videt
808 2111 1003 2152 homines
1045 2111 1090 2151 in
1133 2111 1303 2152 actibus
1344 2112 1432 2152 suis
1475 2112 1598 2167 sequi

202 2185 224 2202 ζ(

203 2255 223 2270 (ζ

203 2322 224 2337 ί(

256 2181 445 2222 multum
467 2194 564 2221 suas
587 2179 908 2234 complexiones
941 2193 1049 2234 quas
1081 2178 1258 2228 habent,
1281 2182 1332 2220 ut
1363 2179 1597 2220 cholericus

255 2252 456 2290 movetur
508 2248 560 2289 de
612 2247 727 2288 facili
780 2248 835 2287 ad
887 2246 1008 2296 iram,
1063 2260 1141 2287 nec
1182 2249 1326 2301 potest
1367 2246 1597 2288 refraenare

256 2317 418 2372 primos
450 2319 593 2356 motus
626 2328 783 2363 omnes,
809 2317 853 2355 et
884 2313 944 2355 sic
976 2313 1028 2354 de
1062 2313 1168 2363 aliis,
1208 2314 1443 2355 secundum
1482 2315 1597 2369 quod

202 2390 223 2404 “
256 2383 450 2424 homines
483 2382 832 2423 diversificantur
873 2381 919 2421 in
952 2380 1334 2436 complexionibus.
1409 2381 1468 2421 Et
1500 2381 1597 2423 ideo

202 2458 223 2472 “
255 2454 540 2499 astronomus
565 2464 662 2491 cum
685 2449 808 2490 videt
839 2448 1037 2489 homines
1077 2448 1199 2503 sequi
1232 2463 1331 2489 suas
1366 2448 1598 2505 complexi-

201 2525 221 2540 “
255 2532 369 2571 ones,
392 2532 489 2573 quae
520 2517 719 2558 oriuntur
750 2531 776 2556 a
808 2515 973 2557 coelesti
1006 2516 1269 2570 operatione,
1303 2515 1413 2556 sicut
1435 2519 1479 2556 et
1501 2520 1597 2556 tota

201 2592 221 2607 ί(

254 2585 545 2641 generatione,
578 2598 666 2625 non
699 2587 764 2624 est
795 2582 953 2623 mirum
985 2582 1021 2622 si
1070 2596 1113 2622 se
1158 2581 1357 2622 extendit
1399 2582 1454 2622 ad
1496 2596 1595 2623 con-

201 2659 222 2673 “
255 2651 562 2693 siderationem
593 2653 767 2690 actuum
803 2647 1132 2689 lmmanorum.”
1196 2648 1300 2689 Non
1342 2648 1481 2689 deerit
1518 2649 1594 2691 ali-

200 2720 296 2775 quis
327 2718 493 2774 rigidus
529 2731 677 2758 censor
709 2716 784 2770 qui
816 2715 1000 2757 Baconis
1038 2715 1301 2756 sententiam
1333 2719 1505 2770 spernet
1542 2731 1596 2757 ex

197 2789 286 2837 hoc,
310 2785 425 2841 quod
446 2784 671 2826 hominum
693 2785 1082 2839 temperamentum
1114 2781 1222 2824 velit
1257 2796 1312 2823 eX
1334 2783 1461 2825 astris
1497 2798 1596 2825 con-

317 2863 415 2895 VOL.
448 2863 474 2892 I.
1263 2861 1294 2891 N
1326 2861 1381 2892 N‘
