1964 3259
753 267 867 298 opns
897 265 1051 297 MINUS.
1514 254 1598 295 333

201 395 269 423 ‘me
302 381 528 437 consessus
562 382 725 438 fuerit.
792 383 1067 438 Quapropter
1101 380 1300 421 damnari
1333 379 1463 420 debet
1504 383 1600 420 tex-

201 453 272 491 tus
304 451 608 492 modernorum
650 452 696 492 in
728 451 833 501 loco,
866 453 911 491 et
953 449 1194 503 antiquitas
1225 447 1431 489 revocari,

264 518 360 560 Hoc
391 518 528 574 igitur
560 518 818 573 exemplum,
847 531 945 559 cum
977 516 1085 567 aliis,
1118 530 1214 571 quae
1245 529 1359 571 pono
1390 515 1438 555 in
1469 514 1601 555 tertia

202 589 326 640 parte
378 586 530 641 operis,
584 589 628 627 et
678 586 724 626 in
770 587 938 639 quarta,
992 584 1069 625 ubi
1114 583 1167 625 de
1205 583 1482 625 arithmetica
1528 596 1602 623 seu

202 653 255 694 dc
301 654 493 695 numeris
539 653 684 709 agitur
715 667 792 708 per
823 652 1193 708 comparationem
1231 652 1285 692 ad
1330 650 1601 706 Scripturam

202 721 423 763 sufficiunt
493 722 632 772 modo,
705 721 840 762 donec
916 719 1123 776 dignetur
1183 723 1330 761 vestra
1391 718 1601 760 celsitudo

201 789 420 843 requirere
471 789 778 831 correctionem
809 788 947 830 totius
988 791 1137 830 textus
1189 802 1286 829 cum
1338 789 1456 828 certa
1505 800 1602 841 pro-

201 856 378 898 batione
429 856 715 898 correctionis.
791 856 908 898 Nam
956 856 1002 897 in
1035 855 1212 898 ecclesia
1255 854 1427 896 habetis
1477 853 1602 896 vobis

201 925 425 980 subjectos,
489 925 565 979 qui
638 925 804 966 habent
864 925 911 965 111
985 923 1065 966 hac
1116 938 1162 965 re
1219 923 1396 979 plenum
1468 936 1600 977 posse,

201 992 402 1046 quamvis
444 992 702 1048 gravissima
754 992 881 1048 [sint]
936 995 1113 1047 propter
1174 991 1506 1032 multitudinem
1559 993 1603 1031 et

200 1060 540 1102 immensitatem
573 1060 786 1102 falsitatis.
850 1059 967 1101 Nam
1001 1060 1111 1102 circa
1143 1059 1435 1114 quadraginta
1467 1072 1602 1099 annos

206 1129 347 1184 [sunt]
399 1129 529 1169 multi
575 1129 768 1184 theologi
813 1128 978 1169 infiniti
1020 1131 1064 1168 et
1106 1127 1351 1169 stationarii
1415 1126 1603 1167 Parisius

202 1212 354 1252 parum
387 1197 586 1238 videntes
618 1197 698 1239 hoc
727 1199 1050 1252 proposuerunt
1082 1195 1312 1251 exemplar.
1377 1193 1463 1246 Qui
1505 1209 1601 1236 cum

202 1264 402 1306 illiterati
433 1265 596 1306 fuerint
627 1269 671 1306 et
702 1264 888 1313 uxorati,
924 1277 1012 1305 non
1054 1267 1264 1312 curantes,
1311 1277 1390 1304 nec
1422 1263 1603 1304 scientes

204 1333 393 1387 cogitare
440 1332 493 1374 de
543 1333 731 1373 veritate
761 1332 926 1373 Textus
959 1331 1079 1373 Sacri
1112 1334 1429 1386 proposuerunt
1460 1345 1603 1371 exem-

203 1399 342 1454 plaria
373 1399 683 1441 vitiosissima¹
718 1403 762 1441 et
793 1399 1021 1454 scriptores
1053 1399 1219 1439 infiniti
1250 1398 1516 1440 addiderunt
1549 1398 1603 1439 ad

204 1467 524 1523 corruptionem
571 1468 732 1509 multas
775 1468 1051 1508 mutationes,
1116 1466 1286 1508 Deinde
1328 1467 1433 1507 novi
1485 1466 1605 1507 theo-

205 1535 292 1590 logi
323 1551 412 1577 non
443 1536 691 1576 habuerunt
734 1550 857 1590 posse
889 1534 1173 1576 examinandi
1206 1534 1500 1589 exemplaria3
1563 1536 1606 1574 et

205 1603 483 1644 crediderunt
514 1604 783 1644 stationariis
825 1617 849 1643 a
881 1601 1105 1657 principio.
1181 1602 1267 1643 Sed
1310 1605 1460 1657 postea
1511 1616 1608 1643 con-

205 1672 505 1713 sideraverunt
537 1686 711 1721 errore&
747 1674 792 1711 et
824 1670 1028 1719 defectus,
1054 1673 1098 1711 et
1119 1670 1338 1725 superflua
1369 1669 1432 1711 ibi
1468 1670 1608 1710 multa

206 1753 322 1780 esse:
377 1739 493 1780 unde
546 1739 708 1780 iterum
760 1740 1013 1794 proponunt
1057 1737 1294 1779 immutare
1332 1741 1377 1779 et
1419 1737 1608 1778 maxime

205 1807 291 1848 (1110
335 1807 518 1858 ordines,
567 1811 610 1848 et
654 1806 747 1861 jam
799 1806 1056 1861 inceperunt
1107 1805 1330 1861 corrigere.
1405 1805 1464 1846 Et
1505 1805 1609 1860 quia

205 1878 337 1930 caput
387 1889 477 1916 non
527 1875 780 1915 habuerunt
825 1873 1013 1928 quilibet
1059 1873 1249 1915 correxit
1290 1873 1403 1915 sicut
1454 1873 1606 1923 voluit,

207 1957 340 1997 usque
384 1943 432 1983 in
478 1942 736 1983 hodiernum
779 1941 906 1982 diem.
992 1940 1052 1982 Et
1097 1955 1194 1982 cum
1241 1940 1404 1982 habent
1460 1955 1608 1982 sensus

207 2010 410 2059 diversos,
443 2010 601 2051 accidit
647 2012 773 2050 tanta
817 2008 1051 2050 diversitas
1098 2008 1145 2049 in
1184 2011 1315 2050 textu
1361 2008 1477 2063 quod
1521 2023 1609 2050 non

206 2081 272 2119 est
302 2078 412 2119 finis.
475 2077 562 2119 Sed
595 2077 894 2132 Hieronymus
926 2076 1033 2118 dicit
1064 2077 1120 2118 ad
1149 2076 1419 2127 Damasum‚2
1451 2077 1498 2117 in
1530 2077 1609 2118 hoc

207 2160 318 2195 casu,
351 2145 427 2186 ubi
460 2149 526 2186 est
560 2145 798 2193 diversitas,
833 2158 922 2185 non
959 2148 1025 2185 est
1054 2144 1217 2185 veritas
1248 2147 1366 2186 nota.

267 2214 383 2255 Item
416 2213 518 2268 quia
559 2227 648 2254 non
689 2215 933 2266 sequuntur
975 2211 1180 2267 antiquas
1217 2212 1394 2262 Biblias,
1428 2216 1472 2254 et
1504 2213 1608 2267 quia

205 2282 412 2337 ignorant
445 2280 644 2323 Graecum
681 2283 725 2321 et
758 2280 1010 2332 Hebraeum,
1045 2283 1216 2335 oportet
1253 2280 1370 2334 quod
1401 2280 1458 2321 sit
1491 2294 1608 2322 error

206 2350 416 2398 infinitus,
442 2349 545 2403 quia
576 2353 727 2390 textus
760 2363 786 2389 a
809 2348 960 2390 Graeco
994 2350 1039 2389 et
1072 2346 1262 2390 Hebraeo
1295 2348 1529 2398 descendit,
1562 2352 1608 2390 et

207 2417 260 2458 (10
291 2417 453 2473 linguis
485 2417 552 2457 his
585 2416 717 2458 habet
749 2415 962 2457 voeabula
992 2415 1180 2457 infinita.
1245 2415 1361 2457 Item
1391 2431 1608 2472 gramma-

204 2486 293 2526 tica
335 2484 547 2526 Prisciani
591 2484 638 2525 in
681 2483 836 2539 majori
888 2483 1112 2525 volumine
1156 2483 1347 2525 maxime
1389 2485 1509 2526 valet
1551 2485 1606 2526 ad

206 2554 514 2595 correctionem
562 2555 726 2594 textus.
792 2551 879 2594 Sed
931 2551 1124 2607 theologi
1166 2566 1255 2593 non
1307 2556 1498 2594 utuntur
1545 2567 1606 2604 ea,

208 2636 287 2662 nec
323 2622 571 2672 advertunt,
606 2621 709 2675 quia
744 2620 819 2676 qui
854 2623 959 2661 sunt
990 2620 1158 2662 artistae
1186 2620 1417 2675 negligunt
1447 2620 1607 2661 librum

255 2844 262 2862 ¹
283 2844 501 2886 vitiosissima]
528 2843 655 2881 vitiosa,
673 2844 785 2886 Hody.
907 2842 912 2885 Ι
957 2844 969 2861 ²
985 2842 1184 2884 Damasum]
1212 2843 1274 2884 Ep.
1292 2843 1498 2875 xviii-:14⁵2
1514 2845 1529 2876 Ρ
