1964 3259
404 300 425 325 ¹)
817 296 922 327 LIFE
954 296 1010 327 OF
1044 297 1196 328 ROGER
1228 296 1386 327 BACON.

461 494 540 552 *ff
565 496 691 538 Since
724 497 843 539 these
876 497 1019 539 shcets
1052 511 1164 539 were
1198 498 1244 538 in
1276 497 1351 538 the
1383 511 1512 552 press,
1549 496 1570 538 Ι
1605 496 1715 539 have
1747 497 1807 553 by

401 564 559 606 chance
592 565 761 621 lighted
793 580 849 607 on
894 566 993 607 that
1025 565 1198 621 portion
1243 565 1291 607 of
1318 564 1498 606 Bacon's
1529 569 1653 621 great
1684 566 1808 607 work

401 631 544 674 which
592 634 794 675 contains
838 633 914 676 the
949 632 1230 677 Communia
1265 633 1609 686 Mathematiccc,
1643 648 1691 675 or
1733 634 1808 676 the

399 701 585 742 relation
617 701 666 742 of
690 702 995 744 mathematics
1025 705 1071 744 to
1093 702 1397 758 metaphysics.
1460 702 1551 744 The
1582 702 1809 758 following

399 784 577 826 passage
622 769 732 812 from
777 771 852 812 the
900 770 1202 813 introduction
1234 771 1324 813 will
1372 770 1494 813 show
1530 785 1649 812 more
1695 770 1809 825 fully

399 837 475 878 the
507 841 664 880 nature
696 838 744 879 of
769 839 845 880 the
876 839 1086 881 treatise:

462 911 483 927 “
501 905 589 948 Hic
620 906 777 962 incipit
799 907 1006 949 volumen
1036 922 1153 949 verae
1176 908 1512 958 mathematicae,
1536 908 1700 949 habens
1732 921 1807 949 sex

454 973 614 1016 libros:
647 975 814 1030 primus
846 978 912 1017 est
955 975 1007 1016 de
1042 974 1359 1017 Communibus
1393 976 1729 1026 Mathematicae,
1764 979 1809 1017 et

455 1041 588 1083 habet
626 1046 714 1085 tres
759 1046 903 1099 partes
948 1043 1242 1099 principales:
1287 1044 1429 1099 prima
1469 1058 1569 1099 pars
1611 1043 1808 1085 continet

455 1109 655 1165 quaedam
702 1110 951 1153 communia
995 1111 1266 1167 praeambula
1301 1111 1358 1152 ad
1394 1111 1607 1152 interiora
1639 1111 1807 1152 mathe-

401 1183 421 1198 “
455 1178 639 1229 maticae,
687 1182 730 1220 et
766 1179 901 1220 habet
932 1213 1229 1221 ........
1266 1179 1579 1221 distinctiones.
1659 1179 1808 1220 Prima

400 1251 420 1266 “
455 1246 682 1288 distinctio
729 1251 951 1303 comparat
991 1247 1349 1290 mathematicam
1380 1262 1529 1289 veram
1574 1247 1630 1288 ad
1671 1251 1808 1289 meta—

400 1320 421 1334 ‘·'
453 1314 679 1370 physicam
724 1319 768 1356 et
815 1319 989 1372 separat
1037 1330 1132 1357 eam
1179 1330 1206 1357 a
1249 1315 1357 1357 falsa
1400 1315 1723 1367 mathematica,
1763 1319 1807 1356 et

454 1383 531 1424 (lat
563 1383 856 1425 intentionem
903 1384 995 1439 ejus
1028 1387 1072 1425 et
1105 1383 1239 1425 libros
1270 1383 1401 1439 hujus
1443 1383 1636 1425 scientia]
1668 1383 1808 1425 totius

455 1451 729 1501 determinat,
764 1455 808 1493 et
831 1466 979 1493 causas
1000 1452 1266 1493 universales
1300 1466 1493 1493 errorum
1516 1452 1806 1493 humanorum

461 1519 509 1559 in
542 1519 623 1560 hac
655 1519 852 1570 scientia,
900 1520 1012 1561 sicut
1044 1520 1091 1560 in
1135 1520 1231 1560 aliis
1264 1520 1470 1561 excludit.
1536 1520 1627 1561 Dat
1673 1519 1806 1561 etiam

457 1587 780 1629 mathematicae
831 1587 981 1628 laudes
1044 1591 1089 1628 et
1137 1587 1355 1629 utilitates
1416 1602 1492 1642 per
1544 1588 1652 1629 duas
1702 1588 1805 1637 vias,

401 1660 422 1675 “
456 1669 683 1696 reservans
726 1655 927 1697 secundae
970 1655 1244 1696 distinctioni
1288 1659 1332 1697 et
1376 1655 1471 1696 aliis
1513 1659 1669 1697 caetera
1710 1670 1807 1710 qua}

458 1723 513 1764 ad
535 1723 683 1765 laudes
715 1728 759 1765 et
782 1724 1001 1765 utilitates
1033 1723 1357 1766 mathematicae
1389 1723 1683 1779 requiruntur.
1748 1724 1808 1764 Et

455 1791 547 1833 haec
579 1791 805 1833 distinctio
838 1792 979 1847 prima
1020 1791 1153 1833 habet
1184 1791 1261 1833 vii.
1306 1792 1507 1847 capitula.
1571 1791 1626 1832 In
1667 1791 1807 1846 primo

457 1862 560 1900 sunt
593 1859 690 1909 tria,
717 1874 814 1914 quae
848 1860 893 1900 in
915 1859 1130 1916 principio
1162 1859 1374 1900 enarravi.
1439 1859 1557 1900 Nam
1588 1859 1634 1900 in
1666 1859 1806 1914 primo

457 1941 657 1983 comparo
702 1927 1060 1969 mathematicam
1110 1927 1166 1968 ad
1214 1926 1587 1983 metaphysicam3
1621 1927 1807 1968 secundo

456 1995 512 2036 ad
554 1996 798 2051 magicam3
832 1995 964 2037 tertio
1007 2010 1238 2036 numerum
1281 1998 1326 2036 et
1367 1995 1564 2036 ordinem
1595 1995 1806 2037 librorum

458 2063 533 2118 qui
566 2063 619 2104 de
651 2063 910 2119 integritate
943 2063 1072 2104 istius
1113 2063 1306 2105 scientiae
1338 2066 1670 2119 componuntur.
1734 2063 1807 2105 Sic

403 2137 424 2152 “
457 2135 604 2172 autem
637 2146 713 2186 per
743 2134 889 2172 totum
926 2131 1046 2172 istud
1078 2131 1295 2182 volumen,
1330 2131 1443 2172 sicut
1484 2131 1531 2172 in
1573 2131 1668 2172 aliis
1699 2131 1809 2172 meis

457 2199 755 2240 voluminibus
788 2199 1084 2254 philosophi-ee,
1108 2199 1208 2239 volo
1231 2199 1471 2248 observare,
1504 2203 1555 2240 ut
1586 2203 1731 2254 partes
1763 2204 1807 2240 et

458 2267 763 2309 distinctiones
787 2271 831 2309 et
863 2267 1054 2323 capitula
1086 2281 1185 2308 cum
1208 2266 1479 2322 expositione
1510 2266 1634 2307 brevi
1656 2281 1804 2308 eorum

458 2350 554 2389 quae
602 2335 649 2375 111
702 2335 786 2376 11113
839 2336 1121 2376 continentur
1184 2334 1533 2390 praesci·ibantur‚
1590 2338 1805 2388 quatenus

403 2408 425 2424 ‘³
458 2403 593 2444 lector
624 2403 793 2444 facilius
835 2403 1057 2458 intelligat
1100 2418 1197 2458 quae
1238 2406 1511 2453 tractantur3
1545 2405 1589 2443 et
1631 2402 1686 2443 ad
1719 2403 1806 2444 evi-

402 2475 425 2492 “
459 2470 655 2511 dentiam
707 2471 916 2525 majorem
963 2471 1062 2511 volo
1110 2471 1157 2511 in
1210 2470 1411 2526 capitulis
1464 2469 1646 2526 singulis
1698 2471 1807 2512 illud

459 2538 576 2594 quod
598 2538 899 2595 principaliter
921 2539 1122 2594 tangitur
1142 2539 1188 2579 in
1221 2538 1292 2588 013,
1316 2538 1516 2580 inchoavi
1547 2539 1807 2594 capitalibus

404 2611 426 2628 ‘⁴
461 2606 600 2648 literis
683 2610 726 2648 et
800 2606 847 2647 in
911 2606 1123 2647 linearum
1206 2606 1431 2662 principiis
1509 2621 1605 2648 cum
1669 2607 1806 2647 minio

412 2679 433 2696 ‘⁶
466 2673 715 2716 amiotavi.”
739 2673 749 2696 ¹

401 979 422 994 (ζ

401 1047 422 1062 (ί

400 1114 421 1131 (ζ

405 2544 426 2559 (ζ

867 2810 874 2828 ¹
891 2810 964 2841 MS.
983 2809 1113 2848 Sloane‚
1131 2812 1227 2847 2156,
1246 2809 1266 2841 f.
1286 2812 1336 2842 74.
