1964 3259
364 243 451 284 510
865 254 1036 286 RocEm
1067 253 1263 286 BAcoms
1654 245 1773 302 [CAP.

361 370 508 424 dassia,
553 372 715 416 scilicet
757 371 921 431 kappa,
950 373 1020 430 pi,
1065 387 1127 424 φο,
1170 372 1249 429 tas.
1324 372 1385 415 Et
1428 373 1533 429 quia
1578 374 1768 416 multum

358 442 553 485 adhaeret
585 443 794 499 aspiratio
827 443 973 495 mutis,
1006 442 1105 485 ideo
1149 442 1290 485 Graeci
1328 442 1376 484 in
1417 443 1548 499 hujus
1589 443 1763 499 signum

358 514 591 557 inveniunt
622 529 756 556 unam
787 515 975 571 figuram
1006 515 1053 556 in
1077 529 1209 570 quam
1231 514 1530 556 includeretur
1560 514 1769 570 aspiratio

359 583 489 625 simul
520 598 618 626 cum
650 583 789 625 litera.
873 583 1109 639 Aspiratur
1141 586 1288 625 autem
1319 598 1370 625 ro
1403 598 1540 638 quum
1570 583 1619 624 in
1649 582 1769 638 prin-

357 652 470 708 cipio
504 652 708 694 dictionis
739 652 931 708 ponitur,
977 655 1029 694 1113
1060 651 1216 694 (1171τῖ11101
1257 652 1468 704 Verbun13
1522 655 1566 694 et
1595 652 1770 707 quando

357 721 404 762 in
451 721 663 778 principio
711 721 916 763 dictionis
967 721 1229 778 geminatur,
1275 724 1327 762 ut
1378 720 1599 776 Pyrrhus
1684 722 1771 767 Sed

356 804 444 831 non
475 790 612 841 aliter,
656 793 708 832 ut
740 790 930 847 sphoerct,
978 790 1099 833 hora.
1164 790 1224 832 Et
1254 789 1377 832 nulla
1413 794 1480 832 est
1522 791 1655 835 dictio
1689 794 1772 835 La-

356 859 452 900 tina
503 859 550 900 in
602 874 734 915 quam
798 873 1041 902 consonans
1093 858 1321 915 aspiratur,
1386 859 1462 901 sed
1525 860 1675 904 Graeca
1726 866 1772 905 et

357 927 517 970 Latina
548 943 646 984 quae
678 932 744 971 est
786 929 834 969 in
865 943 947 971 usu
981 928 1132 979 Graeci,
1178 931 1229 969 ut
1260 927 1471 980 3110111οω
1503 930 1578 971 sed
1610 931 1657 972 in
1688 947 1770 974 usu

357 996 506 1038 Latini
553 1011 643 1038 non
674 997 895 1053 aspiratur
941 997 1086 1053 prima
1118 996 1297 1052 syllaba.
1364 996 1424 1038 Et
1470 1012 1569 1039 cum
1602 999 1770 1042 dictum

355 1069 421 1106 est
454 1065 571 1120 quod
602 1066 764 1108 vocalis
810 1080 899 1107 non
942 1065 1161 1121 aspiratur
1208 1080 1234 1106 a
1265 1068 1390 1120 parte
1439 1069 1538 1121 post
1581 1082 1670 1109 non
1703 1073 1769 1112 est

356 1133 569 1175 instantia
599 1134 647 1174 in
688 1133 939 1189 hujusmodi
964 1132 1343 1188 interjectionibus
1374 1133 1644 1190 indignandi,
1668 1137 1767 1190 vah,

355 1201 424 1253 ah,
459 1203 569 1244 sicut
599 1203 706 1245 dicit
738 1203 999 1245 Priscianus
1062 1202 1179 1243 Nam
1212 1216 1402 1258 apocopa
1423 1202 1539 1245 facta
1560 1208 1769 1249 extremae

356 1272 495 1313 vocali
548 1272 618 1313 0111
665 1272 845 1330 additur
897 1271 1120 1327 aspiratio,
1173 1270 1289 1312 unde
1329 1270 1520 1326 perfecta
1561 1277 1626 1316 est
1668 1289 1767 1325 vox,

354 1339 525 1396 vasam]
560 1340 659 1383 alca.
705 1340 792 1383 Sed
823 1340 1090 1397 imperfectae
1120 1339 1412 1396 proferuntur,
1437 1341 1538 1396 quia
1568 1344 1768 1385 naturale

353 1413 419 1451 est
460 1410 839 1464 interjectionibus
875 1409 1059 1466 proferri
1102 1424 1207 1451 voce
1251 1408 1505 1451 abscondita
1536 1414 1581 1452 et
1612 1412 1770 1468 imper-

352 1480 473 1523 fecta.
543 1481 761 1533 Quoniam
792 1496 881 1523 non
912 1481 1174 1538 proferimus
1204 1480 1290 1522 nisi
1321 1484 1500 1537 propter
1534 1483 1767 1526 vehemen-

355 1549 463 1590 tiam
495 1550 645 1606 gaudii
678 1564 727 1591 ac
758 1550 942 1601 timoris,
989 1553 1067 1591 aut
1108 1549 1437 1605 indignationis
1472 1554 1550 1593 aut
1581 1553 1767 1595 admira-

353 1618 497 1670 tionis,
531 1622 609 1660 aut
656 1618 907 1673 hujusmodi
939 1618 1188 1674 passionum
1223 1621 1267 1659 et
1298 1618 1576 1661 affectionum
1618 1622 1764 1664 animi.

353 1686 440 1728 Sed
472 1687 646 1742 quando
693 1687 752 1728 sic
796 1687 999 1742 patimur,
1035 1687 1107 1729 vel
1137 1687 1393 1728 affectamur
1425 1688 1504 1729 vix
1546 1688 1767 1744 loquimur

353 1759 529 1811 propter
560 1755 911 1811 magnitudinem
950 1755 1103 1811 gaudii
1145 1759 1188 1797 et
1220 1755 1405 1796 aliarum
1436 1757 1696 1811 passionum,
1721 1763 1765 1801 et

352 1824 447 1865 ideo
479 1823 753 1879 imperfectas
785 1838 910 1866 voces
941 1823 1133 1865 facimus.
1198 1823 1286 1865 Sed
1317 1824 1567 1879 hujusmodi
1604 1826 1765 1869 debent

352 1907 441 1934 esse
473 1892 804 1948 interjectiones
836 1896 881 1934 et
913 1892 1079 1945 dicunt,
1125 1892 1222 1934 ideo
1254 1893 1421 1934 liabent
1452 1908 1579 1935 voces
1610 1896 1768 1951 imper-

353 1961 484 2003 fectas
522 1965 566 2003 et
610 1961 900 2005 absconditas.
967 1961 1027 2003 Et
1079 1961 1213 2003 etiam
1264 1975 1391 2003 voces
1444 1962 1667 2018 Syrorum,
1722 1968 1766 2007 et

353 2030 678 2086 AEgyptiorum,
713 2034 757 2072 et
790 2029 1094 2081 Hebraeorum,
1129 2033 1174 2072 et
1211 2030 1407 2072 omnium
1443 2032 1645 2087 gentium
1687 2033 1765 2074 ali-

351 2114 475 2140 arum
508 2114 533 2140 a
565 2098 728 2141 Graecis
751 2102 795 2141 et
829 2099 1010 2149 Latinis,
1045 2102 1150 2140 sunt
1181 2099 1421 2140 conformes
1453 2100 1766 2156 interjffltioni-

350 2168 432 2209 bus
465 2167 704 2209 secundum
737 2167 1011 2209 Prisci-anum
1037 2171 1081 2210 et
1113 2167 1352 2219 secundum
1383 2169 1630 2222 veritatem,
1664 2171 1767 2226 quia

351 2236 397 2276 in
428 2236 516 2278 fine
549 2237 800 2292 aspirantur
830 2237 1010 2279 vocales,

413 2304 550 2346 Nulla
602 2320 708 2347 vero
762 2305 897 2347 dictio
942 2305 1115 2356 Latina,
1168 2308 1221 2346 ut
1289 2305 1396 2356 dixi,
1460 2306 1595 2349 habet
1653 2308 1766 2364 aspi-

352 2376 492 2414 ratam
550 2377 872 2423 consonantem,
928 2373 1031 2428 quia
1081 2388 1170 2415 non
1212 2378 1276 2415 est
1328 2374 1544 2416 instantia
1595 2376 1642 2416 in
1683 2376 1765 2418 hu-

346 2441 541 2496 jusmodi
573 2441 840 2483 dictionibus
871 2441 1032 2491 mahil,
1071 2441 1227 2483 michi.
1292 2442 1396 2483 Non
1439 2443 1557 2484 enim
1603 2443 1765 2486 debent

352 2509 481 2551 scribi
514 2524 591 2566 per
623 2524 654 2560 c,
689 2509 764 2550 sed
796 2509 887 2550 sine
920 2524 950 2559 c,
985 2509 1109 2560 nihil,
1143 2509 1262 2550 mihi.
1339 2510 1398 2551 Et
1431 2511 1535 2565 quia
1565 2511 1628 2552 ibi
1660 2516 1765 2554 sunt

353 2578 438 2619 duo
470 2577 490 2620 ι’
522 2578 676 2620 brevia
714 2577 969 2619 coincidunt
1001 2581 1181 2633 propter
1227 2578 1493 2620 brevitatem
1537 2579 1586 2621 in
1630 2595 1765 2622 imam

352 2647 545 2688 vocalem
596 2647 772 2703 longam
824 2646 990 2698 melius,
1033 2649 1084 2688 ut
1133 2646 1304 2688 dicatur
1345 2646 1431 2700 ml,
1484 2648 1553 2690 ‘mi
1575 2665 1593 2699 ,·
1661 2650 1764 2705 quia

352 2715 482 2757 scribi
526 2716 689 2758 debent
751 2715 843 2757 sine
910 2715 1185 2771 aspiratione,
1259 2730 1394 2771 quum
1453 2717 1615 2758 vocalis
1677 2733 1766 2759 non

352 2784 572 2839 aspiratur
618 2784 665 2824 in
717 2783 930 2839 principio
984 2783 1216 2836 dictionis3
1269 2783 1370 2826 licet
1423 2785 1667 2840 aliquando,
1711 2789 1764 2828 ut

352 2852 590 2903 vehemens,
636 2852 705 2894 hic
736 2853 900 2894 voca—lis
933 2853 1132 2896 secundae
1164 2852 1345 2909 syllabae
1379 2854 1606 2910 aspiratur.
1647 2855 1762 2908 Qua-
