<?xml version="1.0" encoding="UTF-8"?>
<!DOCTYPE html PUBLIC "-//W3C//DTD XHTML 1.0 Transitional//EN"
    "http://www.w3.org/TR/xhtml1/DTD/xhtml1-transitional.dtd">
<html xmlns="http://www.w3.org/1999/xhtml" xml:lang="en" lang="en">
 <head>
  <title>
</title>
<meta http-equiv="Content-Type" content="text/html;charset=utf-8" />
  <meta name='ocr-system' content='tesseract 3.04.00' />
  <meta name='ocr-capabilities' content='ocr_page ocr_carea ocr_par ocr_line ocrx_word'/>
</head>
<body>
  <div class='ocr_page' id='page_1' title='image "./frrogeribaconope00baco_0521.png"; bbox 0 0 1964 3259; ppageno 0'>
   <div class='ocr_carea' id='block_1_1' title="bbox 203 241 1602 296">
    <p class='ocr_par' dir='ltr' id='par_1_1' title="bbox 203 241 1602 296">
     <span class='ocr_line' id='line_1_1' title="bbox 203 241 1602 296; baseline 0 -13"><span class='ocrx_word' id='word_1_1' title='bbox 203 241 269 296; x_wconf 81' lang='lat' dir='ltr'>IL]</span> <span class='ocrx_word' id='word_1_2' title='bbox 655 252 959 283; x_wconf 76' lang='lat' dir='ltr'><strong>OOMPENDIUM</strong></span> <span class='ocrx_word' id='word_1_3' title='bbox 990 251 1152 283; x_wconf 82' lang='lat' dir='ltr'>STUDII.</span> <span class='ocrx_word' id='word_1_4' title='bbox 1515 243 1602 288; x_wconf 75' lang='lat'>407</span> 
     </span>
    </p>
   </div>
   <div class='ocr_carea' id='block_1_2' title="bbox 194 366 1607 2676">
    <p class='ocr_par' dir='ltr' id='par_1_2' title="bbox 194 366 1607 2676">
     <span class='ocr_line' id='line_1_2' title="bbox 202 366 1602 425; baseline -0.001 -13"><span class='ocrx_word' id='word_1_5' title='bbox 202 372 443 412; x_wconf 74' lang='lat' dir='ltr'>excaecatur</span> <span class='ocrx_word' id='word_1_6' title='bbox 499 369 685 425; x_wconf 87' lang='lat' dir='ltr'>penitus,</span> <span class='ocrx_word' id='word_1_7' title='bbox 738 369 802 410; x_wconf 81' lang='lat' dir='ltr'>ita</span> <span class='ocrx_word' id='word_1_8' title='bbox 853 368 968 423; x_wconf 79' lang='lat' dir='ltr'>quod</span> <span class='ocrx_word' id='word_1_9' title='bbox 1019 367 1129 408; x_wconf 83' lang='lat' dir='ltr'>nihil</span> <span class='ocrx_word' id='word_1_10' title='bbox 1180 366 1407 421; x_wconf 65' lang='lat' dir='ltr'>sapienti-ae</span> <span class='ocrx_word' id='word_1_11' title='bbox 1458 371 1602 422; x_wconf 83' lang='lat' dir='ltr'>potest</span> 
     </span>
     <span class='ocr_line' id='line_1_3' title="bbox 203 434 1607 490; baseline -0.004 -10"><span class='ocrx_word' id='word_1_12' title='bbox 203 438 361 489; x_wconf 89' lang='lat' dir='ltr'>videre,</span> <span class='ocrx_word' id='word_1_13' title='bbox 410 438 484 479; x_wconf 86' lang='lat' dir='ltr'>sed</span> <span class='ocrx_word' id='word_1_14' title='bbox 529 438 719 480; x_wconf 75' lang='lat' dir='ltr'>aestimat</span> <span class='ocrx_word' id='word_1_15' title='bbox 766 436 1006 478; x_wconf 84' lang='lat' dir='ltr'>stultitiam</span> <span class='ocrx_word' id='word_1_16' title='bbox 1054 449 1143 476; x_wconf 87' lang='lat' dir='ltr'>esse</span> <span class='ocrx_word' id='word_1_17' title='bbox 1189 434 1458 490; x_wconf 82' lang='lat' dir='ltr'>sapientiam.</span> <span class='ocrx_word' id='word_1_18' title='bbox 1521 435 1607 476; x_wconf 89' lang='lat' dir='ltr'>Vo-</span> 
     </span>
     <span class='ocr_line' id='line_1_4' title="bbox 201 502 1605 562; baseline -0.002 -14"><span class='ocrx_word' id='word_1_19' title='bbox 201 507 347 548; x_wconf 85' lang='lat' dir='ltr'>luntas</span> <span class='ocrx_word' id='word_1_20' title='bbox 380 507 643 562; x_wconf 85' lang='lat' dir='ltr'>depravatur</span> <span class='ocrx_word' id='word_1_21' title='bbox 672 508 724 546; x_wconf 91' lang='lat' dir='ltr'>ut</span> <span class='ocrx_word' id='word_1_22' title='bbox 753 504 863 546; x_wconf 89' lang='lat' dir='ltr'>velit</span> <span class='ocrx_word' id='word_1_23' title='bbox 907 507 951 545; x_wconf 88' lang='lat' dir='ltr'>et</span> <span class='ocrx_word' id='word_1_24' title='bbox 984 502 1142 558; x_wconf 85' lang='lat' dir='ltr'>diligat</span> <span class='ocrx_word' id='word_1_25' title='bbox 1183 517 1370 544; x_wconf 89' lang='lat' dir='ltr'>errorem</span> <span class='ocrx_word' id='word_1_26' title='bbox 1402 502 1605 545; x_wconf 76' lang='lat' dir='ltr'>stultitiae</span> 
     </span>
     <span class='ocr_line' id='line_1_5' title="bbox 201 571 1606 629; baseline -0.003 -13"><span class='ocrx_word' id='word_1_27' title='bbox 201 578 246 616; x_wconf 91' lang='lat' dir='ltr'>ct</span> <span class='ocrx_word' id='word_1_28' title='bbox 278 575 398 616; x_wconf 85' lang='lat' dir='ltr'>odiat</span> <span class='ocrx_word' id='word_1_29' title='bbox 429 573 702 629; x_wconf 83' lang='lat' dir='ltr'>sapientiam.</span> <span class='ocrx_word' id='word_1_30' title='bbox 766 571 1005 613; x_wconf 82' lang='lat' dir='ltr'>Irascibilis</span> <span class='ocrx_word' id='word_1_31' title='bbox 1027 574 1265 612; x_wconf 84' lang='lat' dir='ltr'>enervatur</span> <span class='ocrx_word' id='word_1_32' title='bbox 1287 574 1338 612; x_wconf 91' lang='lat' dir='ltr'>ut</span> <span class='ocrx_word' id='word_1_33' title='bbox 1359 584 1448 612; x_wconf 89' lang='lat' dir='ltr'>non</span> <span class='ocrx_word' id='word_1_34' title='bbox 1469 571 1606 627; x_wconf 83' lang='lat' dir='ltr'>possit</span> 
     </span>
     <span class='ocr_line' id='line_1_6' title="bbox 202 640 1605 698; baseline -0.003 -14"><span class='ocrx_word' id='word_1_35' title='bbox 202 643 370 698; x_wconf 88' lang='lat' dir='ltr'>operari</span> <span class='ocrx_word' id='word_1_36' title='bbox 413 642 649 684; x_wconf 86' lang='lat' dir='ltr'>secundum</span> <span class='ocrx_word' id='word_1_37' title='bbox 693 640 967 696; x_wconf 86' lang='lat' dir='ltr'>sapientiam,</span> <span class='ocrx_word' id='word_1_38' title='bbox 1001 640 1076 681; x_wconf 87' lang='lat' dir='ltr'>sed</span> <span class='ocrx_word' id='word_1_39' title='bbox 1123 640 1312 681; x_wconf 85' lang='lat' dir='ltr'>declinat</span> <span class='ocrx_word' id='word_1_40' title='bbox 1353 640 1401 681; x_wconf 98' lang='grc'>111</span> <span class='ocrx_word' id='word_1_41' title='bbox 1433 654 1605 681; x_wconf 86' lang='lat' dir='ltr'>omnem</span> 
     </span>
     <span class='ocr_line' id='line_1_7' title="bbox 201 707 1604 765; baseline -0.001 -13"><span class='ocrx_word' id='word_1_42' title='bbox 201 710 447 760; x_wconf 68' lang='lat' dir='ltr'><strong>stultitiam,</strong></span> <span class='ocrx_word' id='word_1_43' title='bbox 491 710 555 751; x_wconf 88' lang='lat' dir='ltr'>ita</span> <span class='ocrx_word' id='word_1_44' title='bbox 600 709 716 765; x_wconf 83' lang='lat' dir='ltr'>quod</span> <span class='ocrx_word' id='word_1_45' title='bbox 759 708 844 750; x_wconf 87' lang='lat' dir='ltr'>nisi</span> <span class='ocrx_word' id='word_1_46' title='bbox 888 710 999 750; x_wconf 84' lang='lat' dir='ltr'>esset</span> <span class='ocrx_word' id='word_1_47' title='bbox 1042 707 1336 750; x_wconf 75' lang='lat' dir='ltr'>misericordia</span> <span class='ocrx_word' id='word_1_48' title='bbox 1379 707 1464 749; x_wconf 90' lang='lat' dir='ltr'>Dei</span> <span class='ocrx_word' id='word_1_49' title='bbox 1508 723 1604 763; x_wconf 67' lang='lat' dir='ltr'>quze</span> 
     </span>
     <span class='ocr_line' id='line_1_8' title="bbox 201 775 1605 834; baseline -0.001 -15"><span class='ocrx_word' id='word_1_50' title='bbox 201 778 377 834; x_wconf 84' lang='lat' dir='ltr'>mitigat</span> <span class='ocrx_word' id='word_1_51' title='bbox 408 779 485 819; x_wconf 78' lang='grc'>1165</span> <span class='ocrx_word' id='word_1_52' title='bbox 516 777 812 834; x_wconf 70' lang='lat' dir='ltr'>corruptiones</span> <span class='ocrx_word' id='word_1_53' title='bbox 844 777 893 818; x_wconf 91' lang='lat' dir='ltr'>in</span> <span class='ocrx_word' id='word_1_54' title='bbox 924 777 1004 818; x_wconf 87' lang='lat' dir='ltr'>hac</span> <span class='ocrx_word' id='word_1_55' title='bbox 1034 776 1141 827; x_wconf 82' lang='lat' dir='ltr'>vita,</span> <span class='ocrx_word' id='word_1_56' title='bbox 1169 776 1282 817; x_wconf 87' lang='lat' dir='ltr'>sicut</span> <span class='ocrx_word' id='word_1_57' title='bbox 1312 775 1455 831; x_wconf 86' lang='lat' dir='ltr'>placet</span> <span class='ocrx_word' id='word_1_58' title='bbox 1487 776 1535 826; x_wconf 88' lang='lat' dir='ltr'>ei,</span> <span class='ocrx_word' id='word_1_59' title='bbox 1561 780 1605 818; x_wconf 90' lang='lat' dir='ltr'>et</span> 
     </span>
     <span class='ocr_line' id='line_1_9' title="bbox 201 844 1604 902; baseline -0.001 -15"><span class='ocrx_word' id='word_1_60' title='bbox 201 847 374 902; x_wconf 83' lang='lat' dir='ltr'>quando</span> <span class='ocrx_word' id='word_1_61' title='bbox 404 845 556 902; x_wconf 82' lang='lat' dir='ltr'>placet,</span> <span class='ocrx_word' id='word_1_62' title='bbox 590 849 634 887; x_wconf 83' lang='lat' dir='ltr'>et</span> <span class='ocrx_word' id='word_1_63' title='bbox 664 846 711 886; x_wconf 86' lang='lat' dir='ltr'>in</span> <span class='ocrx_word' id='word_1_64' title='bbox 753 845 920 900; x_wconf 86' lang='lat' dir='ltr'>quibus,</span> <span class='ocrx_word' id='word_1_65' title='bbox 954 847 1096 886; x_wconf 90' lang='lat' dir='ltr'>essent</span> <span class='ocrx_word' id='word_1_66' title='bbox 1138 844 1314 886; x_wconf 85' lang='lat' dir='ltr'>omnino</span> <span class='ocrx_word' id='word_1_67' title='bbox 1356 844 1604 900; x_wconf 71' lang='lat' dir='ltr'>adimpletae</span> 
     </span>
     <span class='ocr_line' id='line_1_10' title="bbox 199 912 1603 969; baseline 0 -15"><span class='ocrx_word' id='word_1_68' title='bbox 199 913 479 955; x_wconf 86' lang='lat' dir='ltr'>infernaliter.</span> <span class='ocrx_word' id='word_1_69' title='bbox 563 913 678 969; x_wconf 88' lang='lat' dir='ltr'>Quia</span> <span class='ocrx_word' id='word_1_70' title='bbox 727 913 1023 955; x_wconf 80' lang='lat' dir='ltr'>misericordia</span> <span class='ocrx_word' id='word_1_71' title='bbox 1074 912 1159 954; x_wconf 90' lang='lat' dir='ltr'>Dei</span> <span class='ocrx_word' id='word_1_72' title='bbox 1211 915 1288 963; x_wconf 83' lang='lat' dir='ltr'>est,</span> <span class='ocrx_word' id='word_1_73' title='bbox 1338 913 1454 968; x_wconf 85' lang='lat' dir='ltr'>quod</span> <span class='ocrx_word' id='word_1_74' title='bbox 1515 927 1603 955; x_wconf 90' lang='lat' dir='ltr'>non</span> 
     </span>
     <span class='ocr_line' id='line_1_11' title="bbox 198 981 1603 1038; baseline 0 -16"><span class='ocrx_word' id='word_1_75' title='bbox 198 996 345 1023; x_wconf 83' lang='lat' dir='ltr'>sumus</span> <span class='ocrx_word' id='word_1_76' title='bbox 368 982 615 1038; x_wconf 73' lang='lat' dir='ltr'>consumpti</span> <span class='ocrx_word' id='word_1_77' title='bbox 641 982 688 1023; x_wconf 91' lang='lat' dir='ltr'>in</span> <span class='ocrx_word' id='word_1_78' title='bbox 714 981 895 1034; x_wconf 85' lang='lat' dir='ltr'>inferno,</span> <span class='ocrx_word' id='word_1_79' title='bbox 918 984 1150 1038; x_wconf 82' lang='lat' dir='ltr'>postquam</span> <span class='ocrx_word' id='word_1_80' title='bbox 1179 982 1328 1022; x_wconf 84' lang='lat' dir='ltr'>taliter</span> <span class='ocrx_word' id='word_1_81' title='bbox 1356 996 1603 1037; x_wconf 85' lang='lat' dir='ltr'>peccamus;</span> 
     </span>
     <span class='ocr_line' id='line_1_12' title="bbox 199 1049 1602 1106; baseline -0.001 -14"><span class='ocrx_word' id='word_1_82' title='bbox 199 1064 248 1092; x_wconf 90' lang='grc' dir='ltr'>6ο</span> <span class='ocrx_word' id='word_1_83' title='bbox 280 1050 396 1105; x_wconf 87' lang='lat' dir='ltr'>quod</span> <span class='ocrx_word' id='word_1_84' title='bbox 421 1050 543 1106; x_wconf 85' lang='lat' dir='ltr'>justa</span> <span class='ocrx_word' id='word_1_85' title='bbox 574 1065 704 1105; x_wconf 67' lang='lat' dir='ltr'>poena</span> <span class='ocrx_word' id='word_1_86' title='bbox 734 1064 812 1106; x_wconf 89' lang='lat' dir='ltr'>pro</span> <span class='ocrx_word' id='word_1_87' title='bbox 834 1053 1010 1106; x_wconf 83' lang='lat' dir='ltr'>peccato</span> <span class='ocrx_word' id='word_1_88' title='bbox 1041 1064 1131 1091; x_wconf 90' lang='lat' dir='ltr'>non</span> <span class='ocrx_word' id='word_1_89' title='bbox 1162 1053 1229 1091; x_wconf 88' lang='lat' dir='ltr'>est</span> <span class='ocrx_word' id='word_1_90' title='bbox 1260 1049 1345 1090; x_wconf 88' lang='lat' dir='ltr'>nisi</span> <span class='ocrx_word' id='word_1_91' title='bbox 1377 1049 1602 1091; x_wconf 82' lang='lat' dir='ltr'>damnatio</span> 
     </span>
     <span class='ocr_line' id='line_1_13' title="bbox 197 1117 1603 1173; baseline 0.001 -15"><span class='ocrx_word' id='word_1_92' title='bbox 197 1117 429 1159; x_wconf 82' lang='lat' dir='ltr'>infernalis.</span> <span class='ocrx_word' id='word_1_93' title='bbox 493 1118 678 1169; x_wconf 85' lang='lat' dir='ltr'>Quando</span> <span class='ocrx_word' id='word_1_94' title='bbox 707 1119 844 1173; x_wconf 78' lang='lat' dir='ltr'>igitur</span> <span class='ocrx_word' id='word_1_95' title='bbox 872 1118 1057 1173; x_wconf 82' lang='lat' dir='ltr'>quilibet</span> <span class='ocrx_word' id='word_1_96' title='bbox 1088 1133 1114 1158; x_wconf 88' lang='lat' dir='ltr'>a</span> <span class='ocrx_word' id='word_1_97' title='bbox 1139 1117 1377 1172; x_wconf 83' lang='lat' dir='ltr'>juventute</span> <span class='ocrx_word' id='word_1_98' title='bbox 1409 1118 1526 1159; x_wconf 86' lang='lat' dir='ltr'>cadit</span> <span class='ocrx_word' id='word_1_99' title='bbox 1556 1117 1603 1158; x_wconf 90' lang='lat' dir='ltr'>in</span> 
     </span>
     <span class='ocr_line' id='line_1_14' title="bbox 198 1186 1603 1242; baseline 0.001 -15"><span class='ocrx_word' id='word_1_100' title='bbox 198 1187 339 1229; x_wconf 85' lang='lat' dir='ltr'>multa</span> <span class='ocrx_word' id='word_1_101' title='bbox 369 1190 544 1242; x_wconf 85' lang='lat' dir='ltr'>peccata</span> <span class='ocrx_word' id='word_1_102' title='bbox 573 1187 789 1239; x_wconf 85' lang='lat' dir='ltr'>mortalia,</span> <span class='ocrx_word' id='word_1_103' title='bbox 821 1186 1112 1241; x_wconf 71' lang='lat' dir='ltr'>corrumpitur</span> <span class='ocrx_word' id='word_1_104' title='bbox 1159 1186 1250 1241; x_wconf 83' lang='lat' dir='ltr'>ejus</span> <span class='ocrx_word' id='word_1_105' title='bbox 1294 1186 1442 1227; x_wconf 86' lang='lat' dir='ltr'>anima</span> <span class='ocrx_word' id='word_1_106' title='bbox 1486 1200 1603 1228; x_wconf 79' lang='lat' dir='ltr'>nova</span> 
     </span>
     <span class='ocr_line' id='line_1_15' title="bbox 200 1253 1601 1310; baseline 0 -15"><span class='ocrx_word' id='word_1_107' title='bbox 200 1255 476 1309; x_wconf 81' lang='lat' dir='ltr'>corruptione</span> <span class='ocrx_word' id='word_1_108' title='bbox 523 1259 681 1310; x_wconf 81' lang='lat' dir='ltr'>praeter</span> <span class='ocrx_word' id='word_1_109' title='bbox 724 1255 846 1296; x_wconf 85' lang='lat' dir='ltr'>illam</span> <span class='ocrx_word' id='word_1_110' title='bbox 898 1269 1029 1309; x_wconf 83' lang='lat' dir='ltr'>quam</span> <span class='ocrx_word' id='word_1_111' title='bbox 1081 1254 1239 1296; x_wconf 86' lang='lat' dir='ltr'>habuit</span> <span class='ocrx_word' id='word_1_112' title='bbox 1292 1269 1347 1296; x_wconf 77' lang='lat' dir='ltr'>ex</span> <span class='ocrx_word' id='word_1_113' title='bbox 1396 1253 1601 1310; x_wconf 82' lang='lat' dir='ltr'>originali</span> 
     </span>
     <span class='ocr_line' id='line_1_16' title="bbox 199 1322 1601 1379; baseline 0 -15"><span class='ocrx_word' id='word_1_114' title='bbox 199 1326 404 1378; x_wconf 82' lang='lat' dir='ltr'>peccat03</span> <span class='ocrx_word' id='word_1_115' title='bbox 456 1327 500 1364; x_wconf 90' lang='lat' dir='ltr'>et</span> <span class='ocrx_word' id='word_1_116' title='bbox 542 1323 600 1364; x_wconf 79' lang='lat' dir='ltr'>sic</span> <span class='ocrx_word' id='word_1_117' title='bbox 631 1323 765 1365; x_wconf 89' lang='lat' dir='ltr'>habet</span> <span class='ocrx_word' id='word_1_118' title='bbox 796 1323 844 1363; x_wconf 89' lang='lat' dir='ltr'>in</span> <span class='ocrx_word' id='word_1_119' title='bbox 876 1338 919 1364; x_wconf 87' lang='lat' dir='ltr'>se</span> <span class='ocrx_word' id='word_1_120' title='bbox 952 1337 1101 1364; x_wconf 85' lang='lat' dir='ltr'>causas</span> <span class='ocrx_word' id='word_1_121' title='bbox 1134 1322 1416 1364; x_wconf 82' lang='lat' dir='ltr'>multimodas</span> <span class='ocrx_word' id='word_1_122' title='bbox 1452 1323 1601 1379; x_wconf 86' lang='lat' dir='ltr'>depra-</span> 
     </span>
     <span class='ocr_line' id='line_1_17' title="bbox 198 1391 1602 1447; baseline 0.001 -16"><span class='ocrx_word' id='word_1_123' title='bbox 198 1391 388 1432; x_wconf 83' lang='lat' dir='ltr'>vationis</span> <span class='ocrx_word' id='word_1_124' title='bbox 420 1391 618 1441; x_wconf 78' lang='lat' dir='ltr'>infinitae,</span> <span class='ocrx_word' id='word_1_125' title='bbox 652 1395 703 1433; x_wconf 91' lang='lat' dir='ltr'>ut</span> <span class='ocrx_word' id='word_1_126' title='bbox 745 1392 893 1433; x_wconf 88' lang='lat' dir='ltr'>lumen</span> <span class='ocrx_word' id='word_1_127' title='bbox 937 1391 1163 1447; x_wconf 59' lang='lat' dir='ltr'>sapientiae</span> <span class='ocrx_word' id='word_1_128' title='bbox 1205 1406 1295 1433; x_wconf 89' lang='lat' dir='ltr'>non</span> <span class='ocrx_word' id='word_1_129' title='bbox 1330 1391 1491 1441; x_wconf 77' lang='lat' dir='ltr'>videat,</span> <span class='ocrx_word' id='word_1_130' title='bbox 1525 1405 1602 1433; x_wconf 89' lang='lat' dir='ltr'>nec</span> 
     </span>
     <span class='ocr_line' id='line_1_18' title="bbox 199 1459 1602 1515; baseline 0.001 -16"><span class='ocrx_word' id='word_1_131' title='bbox 199 1459 307 1500; x_wconf 84' lang='lat' dir='ltr'>velit</span> <span class='ocrx_word' id='word_1_132' title='bbox 337 1459 497 1510; x_wconf 87' lang='lat' dir='ltr'>videre,</span> <span class='ocrx_word' id='word_1_133' title='bbox 530 1474 608 1501; x_wconf 91' lang='lat' dir='ltr'>nec</span> <span class='ocrx_word' id='word_1_134' title='bbox 640 1460 775 1515; x_wconf 86' lang='lat' dir='ltr'>possit</span> <span class='ocrx_word' id='word_1_135' title='bbox 806 1459 891 1500; x_wconf 83' lang='lat' dir='ltr'>nisi</span> <span class='ocrx_word' id='word_1_136' title='bbox 922 1475 998 1515; x_wconf 83' lang='lat' dir='ltr'>per</span> <span class='ocrx_word' id='word_1_137' title='bbox 1033 1460 1221 1515; x_wconf 80' lang='lat' dir='ltr'>gratiam</span> <span class='ocrx_word' id='word_1_138' title='bbox 1255 1459 1350 1511; x_wconf 90' lang='lat' dir='ltr'>Dei,</span> <span class='ocrx_word' id='word_1_139' title='bbox 1385 1474 1481 1514; x_wconf 80' lang='lat' dir='ltr'>quae</span> <span class='ocrx_word' id='word_1_140' title='bbox 1513 1474 1602 1500; x_wconf 89' lang='lat' dir='ltr'>non</span> 
     </span>
     <span class='ocr_line' id='line_1_19' title="bbox 199 1527 1601 1582; baseline 0 -14"><span class='ocrx_word' id='word_1_141' title='bbox 199 1527 330 1568; x_wconf 87' lang='lat' dir='ltr'>datur</span> <span class='ocrx_word' id='word_1_142' title='bbox 381 1528 572 1576; x_wconf 83' lang='lat' dir='ltr'>cuilibet,</span> <span class='ocrx_word' id='word_1_143' title='bbox 626 1528 701 1569; x_wconf 79' lang='lat' dir='ltr'>sed</span> <span class='ocrx_word' id='word_1_144' title='bbox 752 1528 990 1569; x_wconf 86' lang='lat' dir='ltr'>secundum</span> <span class='ocrx_word' id='word_1_145' title='bbox 1060 1527 1223 1569; x_wconf 82' lang='lat' dir='ltr'>divinae</span> <span class='ocrx_word' id='word_1_146' title='bbox 1280 1527 1601 1582; x_wconf 89' lang='lat' dir='ltr'>beneplacitum</span> 
     </span>
     <span class='ocr_line' id='line_1_20' title="bbox 199 1592 1603 1651; baseline 0 -15"><span class='ocrx_word' id='word_1_147' title='bbox 199 1596 451 1636; x_wconf 84' lang='lat' dir='ltr'>voluntatis.</span> <span class='ocrx_word' id='word_1_148' title='bbox 516 1595 575 1636; x_wconf 91' lang='lat' dir='ltr'>Et</span> <span class='ocrx_word' id='word_1_149' title='bbox 606 1599 786 1651; x_wconf 86' lang='lat' dir='ltr'>propter</span> <span class='ocrx_word' id='word_1_150' title='bbox 807 1596 888 1637; x_wconf 92' lang='lat' dir='ltr'>hoc</span> <span class='ocrx_word' id='word_1_151' title='bbox 910 1596 1018 1637; x_wconf 88' lang='lat' dir='ltr'>dicit</span> <span class='ocrx_word' id='word_1_152' title='bbox 1051 1592 1306 1651; x_wconf 83' lang='lat' dir='ltr'>Scriptura,l</span> <span class='ocrx_word' id='word_1_153' title='bbox 1344 1601 1365 1617; x_wconf 93' lang='lat'><strong>“</strong></span> <span class='ocrx_word' id='word_1_154' title='bbox 1383 1595 1440 1636; x_wconf 86' lang='lat' dir='ltr'>In</span> <span class='ocrx_word' id='word_1_155' title='bbox 1470 1595 1603 1637; x_wconf 85' lang='lat' dir='ltr'>male-</span> 
     </span>
     <span class='ocr_line' id='line_1_21' title="bbox 198 1663 1602 1720; baseline 0.001 -16"><span class='ocrx_word' id='word_1_156' title='bbox 198 1668 221 1686; x_wconf 90' lang='lat'><strong>“</strong></span> <span class='ocrx_word' id='word_1_157' title='bbox 252 1663 399 1705; x_wconf 86' lang='lat' dir='ltr'>volam</span> <span class='ocrx_word' id='word_1_158' title='bbox 430 1663 623 1705; x_wconf 85' lang='lat' dir='ltr'>animam</span> <span class='ocrx_word' id='word_1_159' title='bbox 655 1678 744 1705; x_wconf 91' lang='lat' dir='ltr'>non</span> <span class='ocrx_word' id='word_1_160' title='bbox 775 1663 981 1705; x_wconf 83' lang='lat' dir='ltr'>introibit</span> <span class='ocrx_word' id='word_1_161' title='bbox 1013 1664 1240 1720; x_wconf 81' lang='lat' dir='ltr'>sapientia,</span> <span class='ocrx_word' id='word_1_162' title='bbox 1272 1678 1350 1706; x_wconf 88' lang='lat' dir='ltr'>nec</span> <span class='ocrx_word' id='word_1_163' title='bbox 1381 1664 1602 1706; x_wconf 84' lang='lat' dir='ltr'>habitabit</span> 
     </span>
     <span class='ocr_line' id='line_1_22' title="bbox 198 1730 1602 1788; baseline 0.001 -16"><span class='ocrx_word' id='word_1_164' title='bbox 198 1735 220 1753; x_wconf 88' lang='lat'><strong>“</strong></span> <span class='ocrx_word' id='word_1_165' title='bbox 251 1731 298 1773; x_wconf 91' lang='lat' dir='ltr'>in</span> <span class='ocrx_word' id='word_1_166' title='bbox 330 1746 504 1788; x_wconf 91' lang='lat' dir='ltr'>corpore</span> <span class='ocrx_word' id='word_1_167' title='bbox 536 1731 714 1773; x_wconf 87' lang='lat' dir='ltr'>subdito</span> <span class='ocrx_word' id='word_1_168' title='bbox 746 1730 970 1787; x_wconf 83' lang='lat' dir='ltr'>peccatis.&#39;’</span> <span class='ocrx_word' id='word_1_169' title='bbox 1026 1731 1120 1773; x_wconf 90' lang='lat' dir='ltr'>Nec</span> <span class='ocrx_word' id='word_1_170' title='bbox 1141 1734 1318 1773; x_wconf 87' lang='lat' dir='ltr'>tantum</span> <span class='ocrx_word' id='word_1_171' title='bbox 1339 1731 1419 1773; x_wconf 90' lang='lat' dir='ltr'>hoc</span> <span class='ocrx_word' id='word_1_172' title='bbox 1440 1731 1602 1773; x_wconf 86' lang='lat' dir='ltr'>intelli-</span> 
     </span>
     <span class='ocr_line' id='line_1_23' title="bbox 194 1799 1597 1856; baseline 0 -15"><span class='ocrx_word' id='word_1_173' title='bbox 194 1800 387 1856; x_wconf 89' lang='lat' dir='ltr'>gendum</span> <span class='ocrx_word' id='word_1_174' title='bbox 427 1803 494 1841; x_wconf 89' lang='lat' dir='ltr'>est</span> <span class='ocrx_word' id='word_1_175' title='bbox 538 1800 592 1841; x_wconf 90' lang='lat' dir='ltr'>de</span> <span class='ocrx_word' id='word_1_176' title='bbox 635 1799 850 1856; x_wconf 80' lang='lat' dir='ltr'>sapientia</span> <span class='ocrx_word' id='word_1_177' title='bbox 896 1799 1059 1851; x_wconf 86' lang='lat' dir='ltr'>divina,</span> <span class='ocrx_word' id='word_1_178' title='bbox 1107 1800 1183 1841; x_wconf 87' lang='lat' dir='ltr'>sed</span> <span class='ocrx_word' id='word_1_179' title='bbox 1229 1800 1283 1841; x_wconf 88' lang='lat' dir='ltr'>de</span> <span class='ocrx_word' id='word_1_180' title='bbox 1331 1814 1597 1856; x_wconf 85' lang='lat' dir='ltr'>quacunque.</span> 
     </span>
     <span class='ocr_line' id='line_1_24' title="bbox 198 1867 1602 1924; baseline 0.001 -16"><span class='ocrx_word' id='word_1_181' title='bbox 198 1869 415 1919; x_wconf 78' lang='lat' dir='ltr'>Quoniam</span> <span class='ocrx_word' id='word_1_182' title='bbox 447 1867 656 1923; x_wconf 77' lang='lat' dir='ltr'>Algazel2</span> <span class='ocrx_word' id='word_1_183' title='bbox 689 1868 796 1909; x_wconf 91' lang='lat' dir='ltr'>dicit</span> <span class='ocrx_word' id='word_1_184' title='bbox 827 1868 874 1908; x_wconf 86' lang='lat' dir='ltr'>in</span> <span class='ocrx_word' id='word_1_185' title='bbox 906 1868 1065 1924; x_wconf 81' lang='lat' dir='ltr'>Logica</span> <span class='ocrx_word' id='word_1_186' title='bbox 1110 1867 1227 1922; x_wconf 82' lang='lat' dir='ltr'>quod</span> <span class='ocrx_word' id='word_1_187' title='bbox 1273 1868 1420 1909; x_wconf 85' lang='lat' dir='ltr'>anima</span> <span class='ocrx_word' id='word_1_188' title='bbox 1451 1869 1602 1910; x_wconf 88' lang='lat' dir='ltr'>detur-</span> 
     </span>
     <span class='ocr_line' id='line_1_25' title="bbox 197 1938 1600 1995; baseline 0.001 -16"><span class='ocrx_word' id='word_1_189' title='bbox 197 1942 301 1994; x_wconf 85' lang='lat' dir='ltr'>pata</span> <span class='ocrx_word' id='word_1_190' title='bbox 332 1939 518 1994; x_wconf 84' lang='lat' dir='ltr'>peccatis</span> <span class='ocrx_word' id='word_1_191' title='bbox 550 1942 615 1980; x_wconf 87' lang='lat' dir='ltr'>est</span> <span class='ocrx_word' id='word_1_192' title='bbox 646 1938 759 1980; x_wconf 87' lang='grc'>510111,</span> <span class='ocrx_word' id='word_1_193' title='bbox 790 1939 1012 1994; x_wconf 84' lang='grc'>5116011111111</span> <span class='ocrx_word' id='word_1_194' title='bbox 1047 1939 1348 1995; x_wconf 86' lang='lat' dir='ltr'>rubiginosum</span> <span class='ocrx_word' id='word_1_195' title='bbox 1391 1942 1436 1981; x_wconf 92' lang='lat' dir='ltr'>et</span> <span class='ocrx_word' id='word_1_196' title='bbox 1472 1943 1600 1981; x_wconf 85' lang='lat' dir='ltr'>vetus</span> 
     </span>
     <span class='ocr_line' id='line_1_26' title="bbox 198 2006 1599 2063; baseline 0.002 -17"><span class='ocrx_word' id='word_1_197' title='bbox 198 2009 242 2047; x_wconf 88' lang='lat' dir='ltr'>et</span> <span class='ocrx_word' id='word_1_198' title='bbox 290 2006 576 2058; x_wconf 87' lang='lat' dir='ltr'>immundum,</span> <span class='ocrx_word' id='word_1_199' title='bbox 610 2006 657 2047; x_wconf 91' lang='grc'>111</span> <span class='ocrx_word' id='word_1_200' title='bbox 703 2021 788 2061; x_wconf 88' lang='grc'>(1110</span> <span class='ocrx_word' id='word_1_201' title='bbox 835 2020 924 2048; x_wconf 90' lang='grc'>11011</span> <span class='ocrx_word' id='word_1_202' title='bbox 970 2010 1152 2062; x_wconf 75' lang='lat' dir='ltr'>possunt</span> <span class='ocrx_word' id='word_1_203' title='bbox 1197 2022 1342 2049; x_wconf 87' lang='lat' dir='ltr'>rerum</span> <span class='ocrx_word' id='word_1_204' title='bbox 1386 2008 1599 2063; x_wconf 83' lang='lat' dir='ltr'>imagines</span> 
     </span>
     <span class='ocr_line' id='line_1_27' title="bbox 197 2074 1600 2131; baseline 0.001 -16"><span class='ocrx_word' id='word_1_205' title='bbox 197 2088 415 2129; x_wconf 80' lang='lat' dir='ltr'>apparere,</span> <span class='ocrx_word' id='word_1_206' title='bbox 458 2077 503 2115; x_wconf 85' lang='lat' dir='ltr'>et</span> <span class='ocrx_word' id='word_1_207' title='bbox 544 2074 640 2115; x_wconf 88' lang='lat' dir='ltr'>ideo</span> <span class='ocrx_word' id='word_1_208' title='bbox 685 2088 765 2116; x_wconf 88' lang='lat' dir='ltr'>nec</span> <span class='ocrx_word' id='word_1_209' title='bbox 806 2075 853 2115; x_wconf 91' lang='grc'>111</span> <span class='ocrx_word' id='word_1_210' title='bbox 892 2075 1040 2116; x_wconf 87' lang='lat' dir='ltr'>anima</span> <span class='ocrx_word' id='word_1_211' title='bbox 1083 2074 1163 2116; x_wconf 78' lang='lat' dir='ltr'>tali</span> <span class='ocrx_word' id='word_1_212' title='bbox 1206 2078 1352 2131; x_wconf 85' lang='lat' dir='ltr'>potest</span> <span class='ocrx_word' id='word_1_213' title='bbox 1393 2076 1488 2117; x_wconf 88' lang='lat' dir='ltr'>fieri</span> <span class='ocrx_word' id='word_1_214' title='bbox 1519 2076 1600 2117; x_wconf 87' lang='lat' dir='ltr'>im-</span> 
     </span>
     <span class='ocr_line' id='line_1_28' title="bbox 198 2142 1599 2198; baseline 0.002 -16"><span class='ocrx_word' id='word_1_215' title='bbox 198 2142 361 2198; x_wconf 81' lang='lat' dir='ltr'>pressio</span> <span class='ocrx_word' id='word_1_216' title='bbox 405 2142 705 2197; x_wconf 85' lang='lat' dir='ltr'>cujuscunque.</span> <span class='ocrx_word' id='word_1_217' title='bbox 801 2142 860 2183; x_wconf 90' lang='lat' dir='ltr'>Et</span> <span class='ocrx_word' id='word_1_218' title='bbox 917 2142 1042 2184; x_wconf 87' lang='lat' dir='ltr'>addit</span> <span class='ocrx_word' id='word_1_219' title='bbox 1090 2143 1206 2198; x_wconf 89' lang='lat' dir='ltr'>quod</span> <span class='ocrx_word' id='word_1_220' title='bbox 1252 2143 1401 2184; x_wconf 86' lang='lat' dir='ltr'>anima</span> <span class='ocrx_word' id='word_1_221' title='bbox 1444 2147 1599 2185; x_wconf 79' lang='lat' dir='ltr'>ornata</span> 
     </span>
     <span class='ocr_line' id='line_1_29' title="bbox 197 2210 1599 2268; baseline 0.002 -17"><span class='ocrx_word' id='word_1_222' title='bbox 197 2210 363 2251; x_wconf 80' lang='lat' dir='ltr'>virtute</span> <span class='ocrx_word' id='word_1_223' title='bbox 396 2213 462 2251; x_wconf 85' lang='lat' dir='ltr'>est</span> <span class='ocrx_word' id='word_1_224' title='bbox 498 2211 610 2252; x_wconf 89' lang='lat' dir='ltr'>sicut</span> <span class='ocrx_word' id='word_1_225' title='bbox 646 2210 866 2266; x_wconf 82' lang='lat' dir='ltr'>speculum</span> <span class='ocrx_word' id='word_1_226' title='bbox 905 2211 1117 2252; x_wconf 85' lang='lat' dir='ltr'>mundum</span> <span class='ocrx_word' id='word_1_227' title='bbox 1150 2214 1194 2253; x_wconf 94' lang='lat' dir='ltr'>et</span> <span class='ocrx_word' id='word_1_228' title='bbox 1224 2226 1398 2261; x_wconf 86' lang='lat' dir='ltr'>novum,</span> <span class='ocrx_word' id='word_1_229' title='bbox 1432 2212 1480 2253; x_wconf 92' lang='lat' dir='ltr'>in</span> <span class='ocrx_word' id='word_1_230' title='bbox 1514 2227 1599 2268; x_wconf 83' lang='lat' dir='ltr'>quo</span> 
     </span>
     <span class='ocr_line' id='line_1_30' title="bbox 197 2278 1599 2335; baseline 0.002 -16"><span class='ocrx_word' id='word_1_231' title='bbox 197 2278 356 2334; x_wconf 80' lang='lat' dir='ltr'>species</span> <span class='ocrx_word' id='word_1_232' title='bbox 386 2293 532 2320; x_wconf 86' lang='lat' dir='ltr'>rerum</span> <span class='ocrx_word' id='word_1_233' title='bbox 569 2279 732 2334; x_wconf 82' lang='lat' dir='ltr'>optime</span> <span class='ocrx_word' id='word_1_234' title='bbox 778 2282 998 2335; x_wconf 81' lang='lat' dir='ltr'>apparent.</span> <span class='ocrx_word' id='word_1_235' title='bbox 1062 2280 1194 2322; x_wconf 87' lang='lat' dir='ltr'>Unde</span> <span class='ocrx_word' id='word_1_236' title='bbox 1237 2280 1284 2321; x_wconf 91' lang='lat' dir='ltr'>in</span> <span class='ocrx_word' id='word_1_237' title='bbox 1330 2280 1412 2322; x_wconf 85' lang='lat' dir='ltr'>tali</span> <span class='ocrx_word' id='word_1_238' title='bbox 1451 2281 1599 2322; x_wconf 86' lang='lat' dir='ltr'>anima</span> 
     </span>
     <span class='ocr_line' id='line_1_31' title="bbox 195 2346 1599 2406; baseline 0.002 -18"><span class='ocrx_word' id='word_1_239' title='bbox 195 2347 338 2403; x_wconf 79' lang='lat' dir='ltr'>fulgor</span> <span class='ocrx_word' id='word_1_240' title='bbox 370 2346 596 2403; x_wconf 82' lang='lat' dir='ltr'>sapientiae</span> <span class='ocrx_word' id='word_1_241' title='bbox 626 2347 864 2399; x_wconf 84' lang='lat' dir='ltr'>relucescit,</span> <span class='ocrx_word' id='word_1_242' title='bbox 888 2350 1065 2403; x_wconf 83' lang='lat' dir='ltr'>propter</span> <span class='ocrx_word' id='word_1_243' title='bbox 1096 2348 1212 2404; x_wconf 86' lang='lat' dir='ltr'>quod</span> <span class='ocrx_word' id='word_1_244' title='bbox 1245 2348 1443 2391; x_wconf 82' lang='lat' dir='ltr'>Socrates</span> <span class='ocrx_word' id='word_1_245' title='bbox 1474 2353 1599 2406; x_wconf 87' lang='lat' dir='ltr'>pater</span> 
     </span>
     <span class='ocr_line' id='line_1_32' title="bbox 196 2415 1597 2473; baseline 0.004 -18"><span class='ocrx_word' id='word_1_246' title='bbox 196 2415 561 2471; x_wconf 87' lang='lat' dir='ltr'>philosophorum,</span> <span class='ocrx_word' id='word_1_247' title='bbox 596 2429 694 2457; x_wconf 89' lang='lat' dir='ltr'>cum</span> <span class='ocrx_word' id='word_1_248' title='bbox 741 2419 1007 2470; x_wconf 74' lang='lat' dir='ltr'>quaereretiu·</span> <span class='ocrx_word' id='word_1_249' title='bbox 1053 2417 1109 2458; x_wconf 86' lang='lat' dir='ltr'>ab</span> <span class='ocrx_word' id='word_1_250' title='bbox 1142 2431 1202 2469; x_wconf 85' lang='lat' dir='ltr'>eo,</span> <span class='ocrx_word' id='word_1_251' title='bbox 1240 2432 1371 2473; x_wconf 87' lang='lat' dir='ltr'>quare</span> <span class='ocrx_word' id='word_1_252' title='bbox 1403 2433 1491 2459; x_wconf 91' lang='lat' dir='ltr'>non</span> <span class='ocrx_word' id='word_1_253' title='bbox 1521 2433 1597 2460; x_wconf 82' lang='lat' dir='ltr'>vo—</span> 
     </span>
     <span class='ocr_line' id='line_1_33' title="bbox 195 2482 1598 2542; baseline 0.004 -19"><span class='ocrx_word' id='word_1_254' title='bbox 195 2482 278 2524; x_wconf 90' lang='lat' dir='ltr'>luit</span> <span class='ocrx_word' id='word_1_255' title='bbox 309 2483 357 2524; x_wconf 91' lang='lat' dir='ltr'>in</span> <span class='ocrx_word' id='word_1_256' title='bbox 386 2483 613 2538; x_wconf 86' lang='lat' dir='ltr'>primitivo</span> <span class='ocrx_word' id='word_1_257' title='bbox 659 2486 853 2540; x_wconf 88' lang='lat' dir='ltr'>tempore</span> <span class='ocrx_word' id='word_1_258' title='bbox 897 2484 1071 2526; x_wconf 85' lang='lat' dir='ltr'>studere</span> <span class='ocrx_word' id='word_1_259' title='bbox 1102 2484 1150 2526; x_wconf 89' lang='lat' dir='ltr'>in</span> <span class='ocrx_word' id='word_1_260' title='bbox 1181 2485 1374 2528; x_wconf 85' lang='lat' dir='ltr'>scientiis</span> <span class='ocrx_word' id='word_1_261' title='bbox 1406 2486 1598 2542; x_wconf 86' lang='lat' dir='ltr'>specula—</span> 
     </span>
     <span class='ocr_line' id='line_1_34' title="bbox 196 2551 1597 2610; baseline 0.004 -19"><span class='ocrx_word' id='word_1_262' title='bbox 196 2551 314 2603; x_wconf 84' lang='lat' dir='ltr'>tivis,</span> <span class='ocrx_word' id='word_1_263' title='bbox 347 2551 422 2592; x_wconf 87' lang='lat' dir='ltr'>sed</span> <span class='ocrx_word' id='word_1_264' title='bbox 452 2555 628 2594; x_wconf 88' lang='lat' dir='ltr'>tantum</span> <span class='ocrx_word' id='word_1_265' title='bbox 660 2552 708 2594; x_wconf 90' lang='lat' dir='ltr'>in</span> <span class='ocrx_word' id='word_1_266' title='bbox 738 2553 986 2605; x_wconf 85' lang='lat' dir='ltr'>moralibus,</span> <span class='ocrx_word' id='word_1_267' title='bbox 1007 2553 1072 2596; x_wconf 85' lang='lat' dir='ltr'>ait</span> <span class='ocrx_word' id='word_1_268' title='bbox 1103 2567 1146 2595; x_wconf 91' lang='lat' dir='ltr'>se</span> <span class='ocrx_word' id='word_1_269' title='bbox 1178 2568 1266 2596; x_wconf 89' lang='lat' dir='ltr'>non</span> <span class='ocrx_word' id='word_1_270' title='bbox 1297 2568 1418 2610; x_wconf 87' lang='lat' dir='ltr'>posse</span> <span class='ocrx_word' id='word_1_271' title='bbox 1449 2555 1597 2597; x_wconf 91' lang='lat' dir='ltr'>lumen</span> 
     </span>
     <span class='ocr_line' id='line_1_35' title="bbox 198 2618 1598 2676; baseline 0.004 -17"><span class='ocrx_word' id='word_1_272' title='bbox 198 2618 423 2674; x_wconf 81' lang='lat' dir='ltr'>sapientiae</span> <span class='ocrx_word' id='word_1_273' title='bbox 465 2620 696 2675; x_wconf 82' lang='lat' dir='ltr'>percipere,</span> <span class='ocrx_word' id='word_1_274' title='bbox 748 2621 833 2662; x_wconf 91' lang='lat' dir='ltr'>nisi</span> <span class='ocrx_word' id='word_1_275' title='bbox 884 2621 1034 2663; x_wconf 88' lang='lat' dir='ltr'>anima</span> <span class='ocrx_word' id='word_1_276' title='bbox 1079 2621 1171 2676; x_wconf 89' lang='lat' dir='ltr'>ejus</span> <span class='ocrx_word' id='word_1_277' title='bbox 1220 2622 1373 2664; x_wconf 80' lang='lat' dir='ltr'>fuisset</span> <span class='ocrx_word' id='word_1_278' title='bbox 1423 2623 1598 2664; x_wconf 79' lang='lat' dir='ltr'>exculta</span> 
     </span>
    </p>
   </div>
   <div class='ocr_carea' id='block_1_3' title="bbox 246 2836 1293 2884">
    <p class='ocr_par' dir='ltr' id='par_1_3' title="bbox 246 2836 1293 2884">
     <span class='ocr_line' id='line_1_36' title="bbox 246 2836 1293 2884; baseline 0.004 -14"><span class='ocrx_word' id='word_1_279' title='bbox 246 2837 254 2858; x_wconf 76' lang='lat'>¹</span> <span class='ocrx_word' id='word_1_280' title='bbox 275 2836 463 2881; x_wconf 76' lang='lat' dir='ltr'>Scriptura]</span> <span class='ocrx_word' id='word_1_281' title='bbox 485 2838 559 2880; x_wconf 69' lang='lat' dir='ltr'>Sap„</span> <span class='ocrx_word' id='word_1_282' title='bbox 575 2839 595 2871; x_wconf 91' lang='lat' dir='ltr'>i.</span> <span class='ocrx_word' id='word_1_283' title='bbox 614 2843 643 2871; x_wconf 72' lang='lat'>4.</span> <span class='ocrx_word' id='word_1_284' title='bbox 885 2839 891 2884; x_wconf 74' lang='grc'>1</span> <span class='ocrx_word' id='word_1_285' title='bbox 976 2840 986 2859; x_wconf 65' lang='lat'>&#39;³</span> <span class='ocrx_word' id='word_1_286' title='bbox 1002 2839 1152 2884; x_wconf 69' lang='lat' dir='ltr'>Alyazel]</span> <span class='ocrx_word' id='word_1_287' title='bbox 1172 2850 1240 2884; x_wconf 79' lang='lat' dir='ltr'>cap.</span> <span class='ocrx_word' id='word_1_288' title='bbox 1259 2839 1293 2874; x_wconf 79' lang='lat' dir='ltr'>ii,</span> 
     </span>
    </p>
   </div>
  </div>
 </body>
</html>
