1964 3259
144 875 278 908 Abeunt

143 921 251 953 studia
270 923 300 953 ἰη

142 977 251 998 more&

365 256 449 297 402
870 265 1044 298 Rosam
1075 265 1271 298 BAcoms
1648 255 1766 313 [cAP.

363 384 575 426 habemus
625 398 767 426 mores
819 398 978 426 eorum.
1063 385 1177 438 Quia
1218 383 1487 440 impossibile
1541 385 1608 425 est
1659 384 1776 439 quod

366 453 581 509 sapientia
614 456 702 495 stet
738 468 836 495 cum
879 457 1063 509 peccato,
1101 454 1175 496 sed
1218 454 1362 495 virtus
1403 452 1592 509 perfecta
1633 452 1776 507 requi-

365 522 479 564 ritur
500 522 555 563 ad
590 536 697 574 eam,
732 525 784 563 ut
824 522 1004 564 inferius
1040 522 1359 565 demonstrabo.
1425 521 1511 563 Sed
1545 535 1622 576 pro
1657 524 1774 562 certo

364 591 401 633 si
437 593 615 632 tantum
637 591 689 632 de
725 590 941 646 sapientia
975 592 1193 642 existeret,
1222 593 1439 646 quantum
1473 592 1667 646 apparet,
1690 602 1779 630 non

364 659 521 701 fierent
562 658 649 700 ista
690 659 738 700 in
777 659 956 701 mundo.
1021 659 1153 702 Nunc
1195 663 1342 701 autem
1376 658 1655 700 verissimum
1698 659 1775 707 est,

366 727 483 783 quod
514 729 661 768 totum
693 727 889 769 studium
921 730 986 769 est
1019 728 1066 769 in
1098 728 1185 770 fine
1208 727 1499 783 corruptionis
1532 740 1558 767 a
1590 725 1776 781 quadra-

367 797 493 852 ginta
529 796 666 848 annis,
697 796 800 838 licet
837 800 1098 852 procurante
1133 797 1321 838 Diabolo
1359 795 1520 837 habeat
1555 794 1779 836 infinitam

369 865 679 921 apparentiam.
744 864 803 907 Et
832 864 1033 906 homines
1074 864 1268 921 corrupti
1310 865 1357 905 in
1398 864 1544 906 studio
1586 877 1777 905 corrum-

370 937 538 989 puntur
580 933 627 974 in
669 933 764 975 vita
802 933 855 975 de
892 933 1161 983 necessitate,
1202 936 1247 975 et
1281 936 1447 975 exeunt
1489 933 1544 974 ad
1585 932 1780 987 regimen

371 1001 558 1044 ecclesiae
600 1005 645 1043 et
676 1015 921 1058 regnorum,
968 1005 1012 1043 et
1053 1004 1249 1058 praesunt
1291 1001 1480 1043 consiliis
1521 1000 1777 1056 principum,

370 1073 414 1112 et
446 1084 718 1126 magnorum,
752 1073 797 1111 et
828 1070 1108 1125 prelatorum,
1143 1073 1187 1111 et
1222 1070 1308 1111 toti
1341 1070 1502 1126 populo
1536 1069 1779 1120 laicorum3

370 1138 473 1193 quia
514 1141 687 1194 oportet
727 1140 779 1179 ut
822 1137 964 1192 qualis
1008 1138 1067 1179 sit
1107 1138 1237 1179 homo
1278 1138 1326 1179 in
1364 1138 1509 1179 studio
1548 1137 1779 1193 sapientiae

370 1221 538 1262 semper
579 1206 682 1248 talis
717 1206 775 1248 sit
811 1205 859 1246 in
894 1205 1000 1247 vita.
1077 1206 1255 1248 Veritas
1297 1206 1414 1248 enim
1456 1206 1567 1247 bene
1607 1205 1782 1261 cognita

371 1289 460 1316 non
511 1278 657 1331 potest
706 1289 797 1316 non
837 1275 987 1326 amari,
1042 1275 1146 1330 quia
1197 1289 1276 1316 sua
1327 1274 1653 1330 pulchritudine
1704 1288 1783 1315 nos

371 1343 522 1396 trahit,
558 1347 602 1386 et
643 1344 836 1386 utilitate
868 1346 1002 1395 tenet,
1037 1346 1081 1385 et
1132 1343 1457 1399 magnificentia
1508 1343 1633 1399 cogit.
1698 1341 1784 1384 Sed

370 1413 570 1468 probatio
614 1412 860 1454 dilectionis
897 1416 962 1453 est
1000 1411 1215 1453 exhibitio
1260 1412 1411 1467 operis,
1447 1414 1497 1453 ut
1528 1412 1635 1453 dicit
1677 1411 1783 1452 Gre-

370 1481 578 1537 gorius3¹
625 1484 670 1522 et
700 1481 798 1522 ideo
830 1495 928 1521 cum
970 1484 1141 1522 tantam
1175 1481 1496 1536 corruptionem
1528 1480 1634 1522 vitae
1667 1480 1785 1521 vide-

371 1564 468 1591 mus
520 1549 693 1604 ubique,
740 1552 785 1590 et
816 1549 1007 1589 maxime
1039 1549 1087 1589 in
1120 1549 1294 1600 clericis,
1346 1563 1518 1590 necesse
1566 1552 1631 1589 est
1668 1547 1784 1603 quod

373 1631 520 1658 eorum
572 1617 768 1658 studium
822 1617 880 1658 sit
922 1620 1186 1671 corruptum.
1293 1616 1421 1668 Quod
1464 1616 1784 1658 considerantes

372 1685 503 1726 multi
540 1684 758 1740 sapientes
800 1687 844 1725 et
877 1685 1154 1726 revolventes
1196 1684 1391 1726 divinam
1423 1685 1696 1741 sapientiam,
1740 1687 1785 1726 et

373 1754 577 1796 scientias
619 1756 883 1804 sanctorum,
917 1756 960 1794 et
1005 1753 1216 1795 veritates
1262 1753 1555 1802 historiarum,
1601 1756 1644 1794 et
1687 1767 1784 1809 pro-

373 1822 544 1878 phetias
600 1836 690 1863 non
759 1821 898 1862 solum
958 1835 1099 1862 sacras
1150 1821 1225 1863 sed
1277 1821 1481 1871 salubres,
1538 1824 1589 1862 ut
1642 1820 1786 1876 sybil-

372 1891 523 1939 larum,
561 1889 748 1938 Merlini,
780 1888 967 1943 Aquilae,
1003 1888 1216 1941 Festonis‚
1250 1893 1293 1931 et
1324 1890 1563 1930 multorum
1600 1889 1785 1931 aliorum

373 1959 634 2014 sapientum,
673 1957 955 2000 aestimabant
986 1958 1102 2012 quod
1147 1958 1216 1999 his
1260 1958 1528 2014 temporibus
1568 1958 1787 2000 instarent

375 2028 465 2069 dies
517 2026 792 2068 Antichristi.
888 2026 1032 2078 Quare
1088 2041 1260 2069 necesse
1307 2030 1373 2068 est
1417 2030 1468 2069 ut
1520 2027 1787 2083 exstirpetur

375 2095 556 2146 malitia,
589 2097 634 2136 et
665 2097 906 2151 appareant
950 2094 1077 2136 electi
1109 2095 1223 2148 Dei3
1269 2099 1347 2137 aut
1391 2096 1630 2151 praeveniet
1672 2110 1786 2137 unus

375 2163 653 2205 beatissimus
704 2177 827 2218 papa,
860 2163 952 2223 'qui
1006 2177 1154 2204 omnes
1206 2164 1504 2220 corruptiones
1555 2163 1682 2205 tollet
1734 2164 1786 2206 de

376 2231 534 2283 studio,
559 2234 603 2273 et
635 2231 821 2282 ecclesia,
846 2234 891 2272 et
932 2231 1111 2283 caeteris,
1150 2234 1195 2273 et
1231 2235 1467 2274 renovetur
1502 2232 1704 2283 mundus,
1743 2235 1788 2274 et

376 2301 512 2341 intret
553 2299 780 2355 plenitudo
832 2299 1044 2354 gentium,
1079 2303 1123 2341 et
1154 2299 1348 2355 reliquiae
1391 2300 1527 2341 Israel
1558 2300 1614 2341 ad
1655 2300 1786 2341 fidem

378 2370 702 2409 convertantur„
786 2366 1003 2418 Quoniam
1057 2366 1294 2422 Apostolus
1345 2367 1575 2408 constituit
1621 2366 1787 2409 Judaeis

378 2434 661 2477 convertendi
701 2434 938 2475 terminum
969 2434 1016 2474 in
1057 2435 1335 2476 conversione
1366 2434 1652 2490 plenitudinis
1684 2449 1786 2490 gen-

379 2505 504 2553 tium,
542 2503 688 2544 dicens
730 2501 787 2543 ad
818 2501 1042 2543 Romanos
1081 2502 1140 2544 xi.
1179 2502 1323 2557 [25.]:
1373 2501 1523 2544 “Cum
1555 2502 1788 2544 intraverit

382 2576 405 2594 “
436 2571 664 2627 plenitudo
710 2569 922 2626 gentium,
964 2573 1070 2611 tunc
1116 2569 1309 2624 reliquiae
1355 2569 1490 2611 Israel
1531 2569 1787 2612 salvifient.’'

383 2641 442 2682 Et
483 2643 597 2682 certe
631 2639 732 2680 licet
764 2638 972 2693 scriptum
1008 2638 1077 2687 sit,
1113 2643 1133 2658 “
1154 2637 1207 2679 In
1244 2652 1411 2679 omnem
1450 2641 1612 2679 terram
1648 2639 1789 2681 exivit

385 2712 407 2731 “
429 2723 558 2751 sonus
590 2706 802 2759 6()1·ι1Π1,”2
824 2708 908 2757 δια,
942 2709 986 2748 et
1013 2705 1244 2748 recitatum
1273 2706 1329 2748 ab
1349 2706 1570 2762 Apostolo,
1594 2707 1788 2748 nondum

431 2865 439 2883 ¹
461 2863 654 2905 Greyorizzs]
688 2861 788 2894 Hom.
804 2861 837 2893 in
852 2861 982 2903 Evang.
997 2860 1030 2893 ii.
1048 2865 1098 2893 30.
1125 2859 1130 2904 1
1192 2861 1203 2878 ²
1219 2870 1312 2891 sonus
1329 2860 1449 2902 corum]
1470 2860 1565 2893 Rom.
1582 2871 1615 2892 x.
1638 2863 1686 2893 18,
