1964 3259
204 268 290 324 1v.]
657 277 961 309 COMPENDIUM
994 277 1161 308 srumr.
1524 265 1608 306 423

207 399 251 437 et
283 395 498 451 quomodo
531 395 729 436 ordinare
761 394 915 435 debeat
949 393 1002 434 de
1035 407 1112 433 suo
1145 405 1380 432 successore
1398 407 1407 442 3
1439 392 1490 430 ut
1522 405 1609 430 non

206 478 282 519 per
324 463 580 519 potentiam,
613 477 691 504 nec
722 477 798 517 per
829 461 1072 517 pecuniam,
1106 474 1186 501 nec
1217 473 1293 515 per
1330 458 1461 500 aliam
1493 458 1609 498 viam

206 532 366 572 malam
428 545 620 587 unquam
661 529 967 571 introducatur
1030 528 1237 571 Summus
1283 526 1519 578 Sacerdos3
1566 529 1611 567 et

206 600 421 655 quomodo
455 598 628 641 defendi
661 597 818 640 debeat
850 599 942 640 haec
973 598 1055 647 leX,
1084 600 1128 638 et
1158 596 1346 652 qualiter
1378 610 1454 650 per
1485 609 1610 635 mun-

206 669 311 710 dum
346 668 506 710 habeat
538 667 724 709 dilatari.
787 666 847 707 Et
890 666 1029 722 primo
1076 665 1236 707 statuit
1267 664 1384 719 quod
1414 663 1610 704 homines
1628 660 1817 735 ffgstotle's

205 738 363 779 vivant
405 737 451 778 in
485 736 602 778 omni
634 736 811 786 virtute,
844 738 896 776 ut
937 735 985 776 in
1021 735 1169 776 decem
1210 733 1334 774 libris
1366 732 1607 783 constituit,
1628 709 1825 783 pgfilfisggnd

206 806 281 861 qui
324 808 539 847 vocantur
587 804 711 845 Libri
762 803 1032 854 Ethicorum,
1075 802 1234 857 quibus
1279 801 1431 856 jungit
1476 800 1610 841 libros

205 873 412 923 Politicae,
457 873 504 913 in
536 872 694 928 quibus
735 872 876 928 primo
907 871 1065 913 statuit
1106 871 1274 912 cultum
1307 869 1519 920 divinum,
1562 869 1609 909 in

205 956 290 997 quo
342 941 593 997 magnificat
646 954 690 982 se
751 940 930 981 adorare
974 940 1119 981 Deum
1170 953 1308 980 unum
1356 941 1400 979 et
1442 937 1609 978 trinum

207 1010 470 1051 eminentem
512 1008 777 1065 proprietate
829 1022 974 1049 rerum
1026 1010 1300 1057 creatarum;
1337 1005 1608 1060 investigans

205 1078 425 1133 quandam
458 1077 704 1119 trinitatem
735 1076 783 1117 in
815 1076 1015 1118 omnibus
1046 1075 1176 1117 rebus
1208 1073 1361 1115 creatis
1393 1088 1490 1128 qua>
1521 1074 1607 1128 priv-

204 1161 276 1188 mo
307 1145 523 1201 reperitur
556 1145 602 1186 in
634 1148 837 1186 creatore.
908 1143 1039 1185 Unde
1071 1143 1118 1184 in
1150 1143 1269 1184 omni
1299 1157 1345 1183 re
1377 1141 1608 1183 constituit

204 1215 478 1271 principium,
507 1213 711 1262 medium,
742 1216 786 1254 et
817 1213 976 1263 finem3
1021 1212 1095 1254 sed
1126 1211 1173 1252 in
1205 1214 1394 1253 creatore
1426 1213 1607 1266 patrem,

207 1286 252 1325 et
294 1286 521 1339 paternam
565 1284 766 1332 mentem,
801 1285 845 1323 et
888 1295 1078 1322 amorem
1122 1280 1351 1334 utriusque
1392 1282 1607 1328 mutuum,

207 1366 340 1392 unam
373 1350 674 1402 substantiam,
710 1349 919 1391 deitatem
952 1348 1188 1390 indivisam
1224 1348 1272 1389 in
1304 1347 1500 1396 essentia,
1535 1346 1610 1387 sed

208 1419 370 1462 trinam
401 1419 449 1460 in
479 1418 681 1474 personis,
707 1417 819 1459 sicut
840 1432 866 1458 a
888 1417 1071 1458 Platone
1102 1416 1312 1472 magistro
1344 1430 1420 1456 suo
1443 1414 1608 1465 didicit,

210 1488 286 1530 sed
331 1487 563 1543 perfectius
607 1501 634 1527 a
680 1485 803 1527 libris
849 1485 1155 1527 Haebraeorum
1203 1487 1248 1525 et
1291 1483 1346 1525 ab
1394 1482 1610 1525 Haebraeis

209 1557 277 1598 sui
319 1555 527 1611 temporis
570 1554 686 1610 apud
730 1568 838 1609 quos
870 1553 1015 1608 viguit
1058 1553 1133 1594 lex
1170 1552 1266 1603 Dei,
1300 1554 1344 1593 et
1386 1565 1412 1592 a
1455 1550 1611 1606 quibus

209 1638 382 1666 omnem
414 1622 676 1679 sapientiam
724 1621 893 1673 habuit,
927 1621 1041 1662 sicut
1084 1621 1270 1676 ipsemet
1311 1619 1358 1660 in
1400 1618 1512 1660 libro
1545 1618 1612 1659 De

207 1692 436 1748 Regimine
452 1692 704 1746 Regnorum
726 1690 878 1731 asserit
901 1689 1135 1730 evidenter.
1181 1688 1353 1730 Deinde
1367 1687 1613 1743 specialiter

208 1760 437 1803 constituit
489 1758 698 1801 sacrificia
744 1757 842 1807 tria,
877 1760 921 1799 et
954 1757 1173 1799 orationes
1216 1759 1315 1805 tres,
1360 1756 1407 1796 in
1450 1755 1612 1796 honore

207 1829 344 1871 trium
387 1842 680 1884 personarum,
715 1829 760 1868 et
795 1829 946 1882 postea
988 1825 1158 1880 reliqua
1206 1839 1303 1879 quae
1346 1823 1402 1865 ad
1444 1823 1611 1865 cultum

209 1897 293 1938 Dei
344 1897 597 1952 pertinent3
649 1895 888 1936 secundum
951 1894 1067 1949 quod
1128 1892 1403 1948 philosophia
1463 1892 1611 1947 potuit

209 1965 393 2006 edocere.
458 1963 517 2004 Et
538 1966 688 2019 postea
718 1963 832 2018 leges
870 1962 1104 2003 civitatum
1139 1964 1183 2002 et
1214 1974 1449 2016 regnorum
1483 1959 1609 2000 insti-

210 2032 309 2082 tuit,
354 2035 398 2074 et
431 2030 666 2073 oratoricas
698 2033 744 2072 et
776 2029 1015 2071 rhetoricas
1060 2028 1405 2078 constitutiones,
1452 2027 1611 2083 quibus

211 2113 350 2142 causae
378 2099 683 2142 discindantur
704 2098 797 2140 sine
819 2098 1007 2153 strepitu.
1038 2097 1129 2138 litis
1148 2111 1157 2147 3
1181 2099 1224 2138 et
1256 2096 1316 2138 sic
1349 2110 1609 2151 componens

210 2168 356 2211 omnia
416 2182 513 2223 quae
574 2167 815 2208 necessaria
876 2168 979 2207 sunt
1029 2165 1221 2206 humano
1274 2164 1435 2220 generi,
1475 2163 1612 2219 juxta

210 2240 474 2293 potestatem
515 2235 814 2292 philosophiae,
860 2234 1039 2276 tandem
1087 2234 1211 2276 docet
1252 2233 1450 2274 homines
1496 2233 1611 2288 aspi-

210 2320 306 2347 rare
337 2305 393 2346 ad
428 2304 625 2346 futuram
656 2303 922 2355 felicitatem,
957 2305 1002 2343 et
1034 2302 1180 2343 omnia
1213 2301 1469 2343 transitoria
1512 2315 1611 2342 con-

210 2378 415 2416 temnere.
479 2373 607 2425 Quod
648 2387 737 2414 non
768 2371 909 2413 solum
947 2370 1120 2426 scriptis
1151 2370 1407 2426 patentibus
1448 2370 1610 2420 docuit,

211 2443 287 2484 sed
316 2441 431 2484 facto
476 2444 520 2483 et
564 2441 762 2497 exemplo
807 2439 1024 2495 perfectus
1067 2439 1220 2480 doctor
1263 2453 1361 2480 cum
1393 2437 1482 2480 suis
1527 2438 1611 2479 dis-

210 2511 363 2567 cipulis
405 2509 689 2552 nobilissimis
721 2508 828 2551 viris
873 2511 918 2550 et
956 2506 1290 2563 sapientissimis
1324 2506 1610 2548 confirmavit.

212 2578 330 2620 Nam
380 2579 428 2620 in
479 2581 780 2634 contemptum
830 2577 985 2619 mundi
1026 2579 1071 2618 et
1123 2576 1391 2625 divitiarum,
1442 2575 1612 2616 delicia-

213 2660 311 2687 rum
357 2650 401 2688 et
444 2647 631 2697 honoris,
665 2646 751 2688 ivit
782 2646 830 2686 in
872 2647 1132 2701 perpetuum
1176 2644 1358 2685 exilium
1396 2657 1494 2685 cum
1525 2643 1613 2684 suis

213 2714 348 2766 sociis,
370 2729 595 2769 nunquam
626 2715 683 2755 ad
713 2714 888 2769 propria
919 2726 1179 2754 reversurus.
1244 2710 1466 2753 Diffinivit
1498 2711 1612 2752 enim

214 2781 331 2836 apud
377 2796 431 2831 se,
466 2782 583 2837 quod
627 2782 720 2823 haec
764 2781 859 2822 vita
905 2780 1102 2821 solitaria
1154 2783 1219 2821 est
1274 2779 1412 2834 magis
1459 2779 1612 2820 similis

212 2849 320 2892 vitae
344 2848 430 2890 Dei
462 2852 506 2891 et
537 2849 790 2905 angelorum
823 2863 953 2904 quam
986 2847 1226 2890 communis
1248 2846 1343 2888 vita
1373 2846 1612 2898 hominum,
