1964 3259
376 263 462 304 434
884 267 1054 299 Rocmm
1086 266 1280 298 BAcoms
1671 259 1786 315 [CAR

377 391 438 433 cit
485 389 542 431 ad.
588 387 927 444 intelligendum
973 400 1071 441 quae
1116 385 1302 440 requirit
1351 385 1572 427 Latinitas
1615 385 1663 427 in
1709 386 1790 429 hac

377 461 512 517 parte.
591 457 651 499 Et
683 457 750 498 vis
783 455 913 511 hujus
944 455 1008 497 rei
1040 458 1129 496 stat
1174 454 1221 495 in
1264 454 1375 506 hoc;
1426 457 1478 496 ut
1519 454 1649 496 homo
1682 455 1791 497 sciat

376 529 520 584 legere
554 525 766 575 Graecum,
801 528 846 566 et
878 524 1132 575 Hebraeum,
1166 526 1210 564 et
1243 525 1408 564 caetera.
1486 523 1546 564 Et
1567 526 1619 565 ut
1640 538 1788 565 secun-

378 597 484 638 dum
516 594 702 636 formam
736 592 905 634 Donati
938 592 1047 634 sciat
1079 592 1323 634 accidentia
1353 591 1547 647 partium
1570 592 1789 635 orationis.

384 664 503 707 Nam.
534 662 603 704 his
634 661 762 710 notis,
809 661 1076 702 constructio
1108 664 1152 702 et
1184 660 1434 701 intellectus
1478 660 1792 702 vocabulorum

376 733 628 788 linguarum
679 731 865 780 illarum,
901 733 1119 785 quantum
1152 729 1325 770 Latinis
1379 728 1551 780 sufficit,
1588 729 1642 771 (16
1673 729 1791 771 facili

378 801 605 842 habentur
637 813 714 855 per
756 799 907 840 modos
947 813 1054 854 quos
1100 797 1281 839 inferius
1325 797 1569 853 assignabo.
1654 797 1792 840 Stulti

380 869 499 911 enim
542 868 741 910 homines
794 871 838 910 et
890 867 1095 922 imperiti,
1150 881 1285 922 quum
1337 867 1525 908 audiunt
1575 867 1696 922 loqui
1738 867 1791 909 de

379 938 562 980 scientia
592 938 856 993 linguarum,
890 936 1113 978 aestimant
1144 950 1188 977 se
1227 934 1418 991 obligari
1463 935 1604 990 primo
1635 935 1792 991 gradui

383 1010 428 1048 et
459 1006 658 1055 secundo,
693 1009 737 1046 et
780 1005 878 1046 ideo
924 1005 1157 1060 desperant
1189 1007 1233 1045 et
1275 1007 1563 1045 contemnunt
1610 1004 1791 1045 tertium

382 1075 569 1131 gradum
601 1074 890 1125 facillimum3
931 1073 1133 1128 quamvis
1175 1072 1212 1113 si
1245 1072 1571 1114 considerarent
1607 1076 1652 1114 et
1694 1072 1791 1113 dili-

379 1147 531 1200 gentes
564 1147 708 1184 essent
740 1157 766 1183 a
804 1141 1056 1197 juventute,
1102 1141 1235 1182 ctiam
1279 1144 1378 1195 post
1422 1141 1609 1196 triginta
1655 1156 1792 1183 annos

380 1214 558 1268 possent
589 1211 840 1267 pertingere
872 1210 929 1251 ad
973 1224 1121 1251 omnes
1164 1209 1327 1265 gradus
1370 1209 1520 1259 dictos,
1554 1213 1598 1251 613
1639 1210 1792 1252 saltem

383 1282 439 1322 ad
471 1280 708 1323 secundum
751 1294 849 1320 cum
901 1278 1047 1320 tertio.
1127 1277 1246 1319 Nam
1289 1280 1384 1319 tota
1427 1277 1662 1320 difficultas
1693 1293 1793 1320 con-

382 1350 501 1391 sistit
532 1349 580 1390 in
611 1349 752 1405 primo
795 1347 935 1404 gradu
955 1363 965 1400 ;
1012 1350 1063 1388 ut
1105 1361 1184 1388 nos
1227 1347 1301 1402 qui
1343 1346 1507 1388 talibus
1549 1346 1793 1389 insistimus

382 1419 644 1474 experimur.

159 1489 306 1522 Hebrew
441 1487 652 1528 Doctores
707 1488 857 1527 autem
913 1499 1001 1526 11011
1055 1484 1245 1535 desunt3
1309 1483 1412 1539 quia
1474 1484 1636 1538 ubique
1690 1487 1793 1526 sunt

156 1534 355 1611 ῗέζὲῂῗῖξρῖἰ
382 1555 575 1605 Hebraei,
610 1557 654 1596 et
687 1567 836 1595 eorum
868 1553 1021 1609 lingua
1051 1555 1118 1593 est
1150 1552 1300 1593 eadem
1332 1552 1379 1592 in
1413 1552 1663 1594 substantia
1694 1567 1793 1594 cum

156 1623 261 1665 easily
276 1635 351 1665 pro·
380 1624 571 1665 Arabica
614 1626 658 1664 et
701 1621 919 1671 Chaldaea,
962 1621 1064 1662 licet
1111 1621 1159 1661 in
1203 1621 1332 1661 modo
1380 1620 1595 1662 differant.
1660 1620 1793 1663 Sunt-

157 1669 267 1701 enred.
381 1707 463 1748 que
515 1691 712 1733 homines
760 1689 965 1739 Parisius,
1015 1692 1060 1730 et
1112 1689 1159 1730 in
1210 1688 1408 1739 Francia,
1442 1692 1487 1730 et
1528 1688 1713 1730 ulterius
1745 1689 1793 1730 in

382 1760 584 1802 omnibus
616 1758 880 1814 regionibus,
916 1758 991 1813 qui
1024 1757 1077 1799 de
1108 1757 1177 1798 his
1209 1757 1354 1798 sciunt
1381 1761 1594 1812 quantun]
1622 1772 1792 1799 necesse

380 1829 515 1871 fuerit
547 1829 595 1869 in
626 1828 706 1869 hac
738 1830 871 1882 parte.
958 1825 1159 1867 Graecum
1190 1839 1293 1867 vero
1325 1826 1516 1867 maxime
1559 1827 1793 1867 concordat

381 1913 479 1939 cum
512 1897 698 1947 Latin03
746 1898 790 1937 et
822 1897 927 1936 sunt
970 1894 1100 1936 multi
1132 1894 1179 1934 in
1211 1893 1375 1949 Anglia
1417 1896 1462 1934 et
1500 1893 1685 1935 Francia
1717 1895 1790 1950 qui

381 1967 451 2008 hic
484 1966 589 2007 satis
621 1964 828 2006 instructi
860 1967 974 2005 sunt.
1057 1963 1150 2004 Nec
1182 1963 1371 2004 multum
1403 1965 1515 2004 esset
1556 1977 1633 2018 pro
1665 1966 1795 2004 tanta

381 2035 577 2080 utilitate
608 2034 670 2074 ire
702 2033 749 2074 in
792 2032 982 2081 Italiam,
1026 2031 1073 2072 in
1106 2046 1194 2087 qua
1226 2031 1362 2072 clerus
1395 2034 1439 2072 et
1471 2031 1659 2087 populus
1691 2036 1794 2073 sunt

382 2118 488 2159 pure
533 2102 673 2144 Gra-voi
705 2102 752 2142 in
789 2100 943 2142 multis
984 2100 1117 2152 locis;
1170 2103 1214 2141 et
1256 2099 1545 2155 episcopatus,
1580 2103 1625 2141 et
1656 2101 1794 2142 archi-

382 2172 667 2227 episcopatus,
702 2172 747 2211 et
796 2169 968 2220 divites,
1018 2183 1067 2210 ac
1098 2168 1286 2210 seniores
1317 2171 1494 2224 possent
1525 2168 1587 2209 ibi
1618 2168 1794 2210 mittere

382 2255 460 2296 pro
502 2239 636 2288 libris,
672 2241 716 2280 et
762 2252 840 2294 pro
884 2251 971 2279 uno
1019 2237 1091 2278 vel.
1138 2251 1216 2292 pro
1268 2237 1466 2292 pluribus
1514 2237 1589 2292 qui
1635 2237 1794 2278 scirent

159 2318 271 2351 Greek
385 2309 611 2358 Graecum3
663 2307 776 2348 sicut
824 2306 1026 2347 dominus
1074 2305 1303 2355 Robertus‚
1345 2308 1522 2346 sanctus
1571 2306 1793 2361 episcopus

157 2363 306 2438 {ssffissffs
385 2375 714 2426 Lincolniensis,
748 2374 916 2415 solebat
946 2373 1111 2424 facere3
1155 2388 1340 2428 quorum
1382 2373 1519 2427 aliqui
1550 2373 1597 2413 in
1629 2373 1793 2428 Anglia

158 2451 355 2493 mainingin
384 2458 522 2499 usque
554 2444 610 2485 ad
643 2444 733 2484 haec
764 2446 963 2497 tempora
1004 2444 1108 2482 sunt
1155 2441 1421 2496 superstites.
1487 2440 1605 2481 Sunt
1646 2444 1793 2482 autem

158 2496 343 2582 1137ξέἒέἶᾶ
385 2527 522 2555 causae
555 2526 630 2554 seu
655 2510 856 2559 rationes,
882 2512 1058 2565 propter
1091 2523 1198 2563 quas
1231 2512 1404 2564 oportet
1437 2507 1678 2563 quemlibet
1710 2508 1792 2549 La-

160 2584 326 2617 Grostete.
383 2581 530 2623 tinum
562 2579 806 2621 studiosum
830 2577 935 2619 scire
957 2591 1008 2619 ea
1039 2591 1138 2631 quae
1171 2576 1226 2617 acl
1258 2576 1439 2617 tertium
1470 2576 1656 2631 gradum
1678 2591 1793 2632 spec-

385 2652 496 2699 tant,
532 2651 609 2690 aut
630 2661 857 2702 nunquam
889 2645 1038 2688 necin
1059 2644 1277 2700 sapientia
1309 2645 1461 2685 divina
1492 2658 1571 2686 nec
1603 2644 1796 2686 humana

384 2717 583 2774 proficiet
614 2716 759 2771 aliquo
783 2714 922 2756 modo.
987 2712 1080 2755 Sub
1113 2713 1270 2768 quibus
1303 2713 1546 2754 rationibus
1579 2715 1624 2754 ct
1656 2713 1795 2754 causis

385 2784 704 2828 universalibus
748 2782 1032 2839 particulares
1071 2796 1211 2823 causae
1256 2784 1300 2822 et
1330 2781 1522 2822 rationes
1567 2782 1793 2823 continen-

384 2858 460 2896 tur
491 2852 842 2902 innumerabiles,
887 2851 943 2893 ad
976 2864 1083 2906 quas
1120 2850 1225 2892 satis
1247 2850 1418 2905 patebit
1459 2849 1683 2900 excitatio,
1717 2863 1795 2906 per
