1964 3259
150 878 296 912 Various

149 925 300 957 methods

150 970 327 1012 employed

150 1019 183 1045 to
201 1017 335 1048 conceal

149 1059 249 1092 them.

380 252 463 294 544
926 262 1168 295 APPENDIX
1201 264 1228 295 1.
1664 253 1779 310 [cAP.

376 378 582 437 negligit¹
617 382 780 421 secreta
811 379 1049 436 sapientiae,
1074 382 1119 422 et
1150 380 1289 422 nescit
1320 380 1388 423 uti
1419 381 1549 423 rebus
1581 382 1786 438 dignissin

375 449 468 502 mis,
492 453 624 506 atque
655 449 692 491 si
723 449 891 505 aliquid
919 449 1202 505 magnificum
1223 449 1270 490 in
1299 449 1390 504 ejus
1419 449 1625 492 notitiam
1659 452 1784 494 cadat

374 533 400 560 a
442 518 629 567 fortuna,
678 517 786 559 illud
839 518 995 573 perdit,
1042 521 1088 559 et
1131 533 1180 560 eo
1223 518 1427 560 abutitur
1472 520 1521 560 in
1572 519 1780 563 damnum

373 588 608 643 multiplex
641 601 925 642 personarum
959 588 1003 627 et
1035 587 1374 630 communitatis,
1437 588 1498 629 Et
1539 588 1636 629 ideo
1668 589 1781 631 insa-

373 671 457 697 nus
489 660 554 698 est
592 655 667 711 qui
698 655 876 711 aliquod
917 659 1132 697 secretum
1175 656 1326 698 scribit
1368 656 1452 698 nisi
1493 659 1546 698 ut
1587 672 1613 698 a
1649 658 1782 714 vulgo

373 725 546 775 celetur,
575 728 620 768 et
650 727 703 767 ut
734 724 812 767 vix
844 739 870 767 a
900 724 1231 768 studiosissimis
1263 727 1308 768 et
1339 724 1613 783 sapientibus
1645 727 1783 784 possit

374 793 574 850 intelligi.

435 863 506 906 Sic
534 864 650 905 enim
680 863 870 906 cucurrit
898 866 995 906 tota
1026 863 1272 919 sapientum
1305 863 1546 906 multitudo
1579 864 1633 906 de
1665 865 1783 921 prin-

374 933 495 988 cipio,
530 936 575 974 et
608 933 760 974 inultis
793 932 934 974 modis
967 932 1298 974 occultaverunt
1330 947 1356 973 a
1386 933 1520 989 vulgo
1553 933 1781 989 sapienti-ae

375 1005 546 1043 secreta.
616 1001 733 1042 Nam
786 1001 922 1057 aliqui
964 1016 1040 1057 per
1082 1001 1349 1042 characteres
1391 1004 1436 1043 et
1478 1002 1672 1044 carmina
1714 1017 1784 1044 oc-

373 1070 654 1112 cultaverunt
686 1069 837 1121 multa,
871 1069 946 1110 alii
983 1084 1087 1111 vero
1123 1084 1202 1125 per
1241 1070 1377 1111 verba
1418 1070 1695 1126 {enigmatica
1737 1075 1782 1113 et

372 1139 621 1195 figurativa,
665 1141 717 1180 ut
758 1138 1019 1180 Aristoteles
1060 1139 1107 1180 in
1152 1137 1264 1179 libro
1318 1137 1593 1180 Secretorum
1635 1139 1781 1182 dicens

373 1208 655 1250 Alexandro:
703 1207 785 1249 “O
821 1207 1085 1258 Alexander,
1124 1207 1224 1248 volo
1265 1206 1350 1248 tibi
1387 1207 1612 1249 ostendere
1650 1222 1782 1249 secre-

375 1286 394 1298 “
429 1281 574 1319 torum
611 1280 825 1319 secretum
863 1276 1118 1327 maximum,
1158 1278 1203 1317 et
1240 1275 1392 1316 divina
1425 1276 1625 1331 potentia
1652 1276 1782 1331 juvet

375 1354 394 1369 ⁶*
428 1350 473 1388 te
507 1347 562 1388 ad
596 1346 828 1388 celandum
865 1360 1085 1396 arcanum,
1121 1347 1165 1386 et
1208 1345 1264 1385 ad
1299 1344 1546 1386 faciendum
1589 1346 1782 1402 proposi-

375 1421 395 1438 “
428 1420 535 1458 tum.
614 1415 774 1470 Accipe
826 1415 964 1471 igitur
999 1413 1189 1469 lapidem
1232 1413 1306 1468 qui
1348 1427 1436 1454 non
1478 1417 1544 1455 est
1579 1414 1700 1470 lapis,
1740 1417 1784 1456 et

430 1488 496 1527 est
537 1485 585 1526 in
627 1484 823 1540 quolibet
864 1483 1050 1534 homine,
1088 1485 1134 1524 et
1175 1482 1222 1522 in
1265 1482 1459 1537 quolibet
1501 1483 1604 1533 loco,
1649 1486 1693 1524 et
1735 1483 1781 1525 in

377 1561 397 1575 ‘²
431 1554 627 1609 quolibet
664 1556 885 1608 tempore3
928 1556 973 1593 et
1014 1554 1198 1593 vocatur
1238 1565 1371 1592 ovum
1414 1551 1781 1608 philosophorum,

376 1628 396 1646 ‘⁴‘
431 1626 475 1664 et
504 1622 717 1664 terminus
747 1620 857 1662 ovi.''
918 1621 977 1661 Et
1005 1621 1065 1661 sic
1101 1620 1392 1661 inveniuntur
1428 1621 1474 1661 in
1508 1620 1632 1662 libris
1669 1621 1781 1661 mul-

374 1692 431 1734 tis
466 1695 510 1733 et
546 1690 738 1733 scientiis
773 1689 957 1730 diversis
991 1687 1340 1738 innumerabilia,
1377 1688 1539 1730 talibus
1573 1690 1779 1730 sermoni-

373 1762 454 1803 bus
480 1761 720 1809 obscumta,
750 1762 802 1800 ut
829 1758 950 1799 nullo
979 1757 1108 1799 modo
1138 1757 1443 1812 intelligantur
1471 1758 1565 1799 sine
1594 1758 1778 1800 doctore.

373 1830 521 1871 Tertio
553 1827 682 1869 modo
715 1828 1048 1869 occultaverunt
1077 1840 1154 1881 per
1182 1825 1333 1866 modos
1365 1825 1592 1876 scribendi,
1617 1827 1780 1868 scilicet

372 1913 448 1955 per
488 1900 776 1940 consonantes
816 1898 1004 1945 tantum,
1048 1901 1098 1936 nt
1140 1909 1268 1935 nemo
1312 1898 1458 1950 posset
1499 1895 1651 1951 legere,
1695 1896 1780 1937 nisi

372 1968 480 2010 sciat
523 1966 767 2022 significata
809 1964 1064 2015 dictionum,
1100 1964 1213 2005 sicut
1254 1963 1446 2015 Hebraei,
1486 1966 1530 2005 et
1571 1963 1777 2016 Chaldaei,

372 2040 416 2078 et
440 2036 553 2091 Syri,
588 2038 632 2076 et
655 2034 822 2075 Arabes
855 2033 1052 2075 scribunt
1085 2035 1275 2084 secreta3
1308 2032 1442 2073 immo
1475 2033 1597 2088 quasi
1633 2033 1779 2074 omnia

371 2120 448 2162 pro
491 2103 645 2159 majori
676 2106 802 2159 parte
843 2103 903 2143 sic
945 2102 1166 2152 scribunt3
1203 2105 1247 2142 et
1280 2101 1377 2142 ideo
1412 2105 1478 2142 est
1515 2116 1675 2158 magna,
1716 2116 1780 2142 sa-

371 2173 537 2230 pientia
568 2172 785 2214 occultata
816 2171 932 2227 apud
965 2185 1047 2219 eos,
1084 2173 1128 2211 et
1162 2170 1355 2222 maxime
1388 2170 1505 2226 apud
1540 2170 1752 2212 Hebraeos
1769 2187 1779 2222 3

373 2243 579 2300 quoniam
612 2240 872 2282 Aristoteles
915 2239 1022 2281 dicit
1063 2239 1175 2280 libro
1218 2242 1470 2291 memorato,
1509 2239 1625 2294 quod
1659 2239 1779 2280 Deus

373 2312 542 2354 dederit
578 2310 639 2352 eis
684 2324 857 2351 omnem
902 2307 1161 2364 sapientiam
1194 2311 1430 2363 antequam
1474 2307 1655 2349 fuerunt
1686 2308 1781 2363 phi-

373 2380 575 2436 losoplii3
619 2382 664 2420 et
720 2379 775 2419 ab
813 2377 1015 2418 Hebraeis
1073 2391 1221 2418 omnes
1274 2376 1476 2418 nationes
1531 2376 1781 2417 habuerunt

373 2447 656 2505 philosophiae
698 2446 972 2502 principium.
1052 2444 1112 2486 Et
1159 2445 1420 2485 Albumasar
1461 2444 1507 2484 in
1549 2444 1660 2485 libro
1704 2443 1778 2484 In-

373 2516 643 2560 troductorio
702 2514 872 2569 Mastl'i>
928 2516 972 2554 et
1029 2513 1103 2553 alii
1158 2512 1414 2568 philosophi,
1467 2516 1511 2553 et
1564 2511 1593 2552 J
1598 2511 1781 2567 csephus

376 2587 514 2643 primo
559 2589 602 2627 et
651 2586 804 2625 octavo
852 2582 1188 2636 Antiquitatum
1240 2580 1362 2620 libris
1414 2580 1505 2622 liaec
1552 2580 1780 2622 manifeste

375 2657 540 2697 docent.
606 2653 773 2705 Quarto
810 2651 966 2693 accidit
1002 2650 1235 2691 occultatio
1278 2663 1354 2705 per
1390 2649 1650 2690 mixtionem
1684 2648 1781 2690 lite-

644 2870 651 2888 ¹
671 2867 814 2911 neyliyit]
842 2867 967 2899 Deerat
984 2866 1017 2897 in
1035 2865 1101 2898 alio
1119 2875 1257 2905 exemp„
1275 2864 1330 2903 ΙῘ.,
1345 2869 1376 2896 et
1393 2864 1427 2895 in
1445 2864 1518 2896 MS.
