1964 3259
330 263 416 309 374
839 274 1012 306 RocEnr
1043 273 1237 305 nAcoms

331 391 601 443 miraculum,
636 392 711 434 sed
756 406 863 448 opus
902 394 1086 443 naturae,
1131 406 1235 433 nam
1279 390 1427 446 aliqua
1473 391 1747 433 constellatio

331 463 418 505 fuit
449 462 525 503 illo
557 465 752 518 tempore
784 468 937 518 potens
969 461 1185 502 elementa
1225 459 1430 502 reducere
1472 459 1529 501 ad
1560 460 1747 516 gradum

334 531 602 587 aequalitatis
644 531 1011 587 propinquiorem,
1044 544 1177 585 quam
1219 531 1324 571 ante
1367 528 1548 570 fuerunt
1579 528 1628 569 in
1659 543 1749 571 cor-

332 614 436 657 pore
468 614 573 651 suo3
619 602 665 641 et
697 599 801 654 quia
834 598 927 653 ejus
959 598 1215 640 commixtio
1247 597 1333 639 fuit
1365 611 1421 638 ex
1461 600 1622 638 natura
1652 612 1749 653 pro-

330 669 426 725 pria
458 668 721 710 conveniens
772 667 1097 709 constellationi
1149 681 1239 708 non
1286 666 1346 708 sic
1397 665 1583 707 afiorum
1635 680 1749 707 com-

329 737 567 793 plexiones,
614 736 711 778 ideo
755 736 913 777 accidit
957 734 1161 777 alteratio
1206 734 1297 790 ejus
1344 734 1392 775 in
1424 748 1599 789 corpore
1631 734 1749 789 quod

328 820 417 848 non
447 805 496 846 in
527 805 636 848 aliis.

107 874 286 907 Oausesof
394 875 474 916 Est
522 878 670 916 autem
715 872 896 914 ulterior
939 872 1071 927 longa
1118 872 1223 914 vitae
1277 871 1476 913 extensio
1528 869 1747 926 possibilis

108 919 284 1007 {ffinssff‘
333 959 360 985 a
391 943 605 999 principio
649 941 814 992 mundi,
853 940 944 982 sive
986 955 1146 996 magna
1182 939 1459 996 prolongatio
1491 939 1625 990 vitae;
1669 938 1745 980 sed

106 1008 174 1042 life.
333 1027 451 1054 nunc
497 1011 757 1053 abbreviata
803 1012 870 1051 est
922 1008 1043 1050 ultra
1099 1008 1289 1050 modum.
1356 1008 1544 1050 Causam
1595 1011 1744 1049 autem

333 1094 539 1136 magnam
580 1079 712 1134 hujus
758 1077 1106 1134 prolongationis
1155 1080 1200 1118 et
1244 1075 1588 1118 abbreviationis
1627 1075 1745 1118 aesti-

333 1150 567 1190 maverunt
598 1146 727 1188 multi
758 1161 785 1186 a
815 1148 939 1201 parte
972 1145 1097 1196 coeli3
1129 1159 1232 1185 nam
1264 1144 1596 1186 {estimaverunt
1628 1144 1745 1199 quod

334 1217 433 1259 coeli
464 1216 690 1273 dispositio
721 1214 807 1256 suit
838 1213 1003 1269 optima
1035 1228 1060 1254 a
1090 1212 1316 1269 principiO,
1349 1213 1397 1253 in
1427 1212 1592 1254 mundo
1624 1227 1744 1254 sene-

336 1290 481 1329 scente
524 1285 671 1327 onmia
711 1283 953 1332 tabescunt,
987 1282 1257 1325 aestimantes
1293 1281 1439 1323 stellas
1469 1281 1598 1323 fuisse
1630 1295 1745 1323 crea-

332 1358 401 1397 tas
424 1355 469 1396 in
490 1354 593 1396 locis
619 1350 980 1395 convenientibus
1011 1351 1058 1392 in
1089 1350 1247 1406 quibus
1280 1349 1418 1391 stellae
1448 1349 1613 1392 habent
1645 1363 1745 1392 suas

330 1424 580 1480 dignitates,
630 1437 728 1477 quae
764 1424 980 1462 vocantur
1027 1419 1190 1470 domus>
1235 1418 1460 1468 exaltat-io,
1498 1418 1741 1474 triplicitas,

325 1492 467 1541 facies,
503 1490 744 1540 terminus;
798 1492 842 1531 et
874 1488 920 1529 in
962 1487 1132 1529 meliori
1178 1487 1459 1543 proportione
1490 1501 1641 1528 eorum
1687 1487 1743 1529 ad

326 1561 515 1601 invicem
556 1558 793 1600 secundum
835 1556 1136 1597 diversitatem
1179 1558 1444 1610 aspectuum,
1478 1555 1549 1596 vel
1580 1555 1741 1610 projec-

327 1629 493 1670 tionem
538 1626 763 1668 radiorum
805 1624 1081 1667 invisibilem.
1145 1623 1204 1664 Et
1248 1622 1351 1678 quia
1397 1623 1452 1664 ab
1499 1623 1576 1665 illo
1621 1626 1741 1665 statu

329 1697 543 1754 paulatim
575 1696 855 1743 recesserunt,
890 1696 934 1734 et
980 1691 1219 1733 secundum
1262 1691 1378 1733 hunc
1421 1706 1634 1734 recessum
1665 1707 1740 1748 po-

327 1769 442 1807 nunt
473 1765 581 1806 vitae
627 1761 1038 1804 determinationem
1072 1774 1209 1815 usque
1256 1759 1313 1801 ad
1357 1759 1546 1814 aliquem
1592 1761 1741 1802 termi-

325 1849 431 1875 num
462 1832 612 1882 fixum,
652 1831 699 1871 in
730 1845 818 1885 quo
849 1829 932 1871 erit
963 1831 1118 1870 status.
1183 1827 1270 1869 Sed
1301 1827 1383 1869 hoc
1413 1828 1548 1870 habet
1578 1829 1741 1871 multas

326 1902 598 1944 conditiones
641 1902 686 1941 et
718 1897 1011 1949 difficultates,
1057 1897 1109 1938 de
1158 1896 1317 1951 quibus
1363 1911 1453 1938 non
1499 1899 1565 1939 est
1609 1897 1739 1939 modo

326 1970 571 2019 dicendmn‚
605 1971 650 2010 et
693 1968 785 2009 sive
817 1966 898 2008 hoc
930 1965 988 2007 sit
1019 1979 1172 2007 verum
1205 1964 1298 2005 sive
1338 1978 1438 2016 non,
1471 1979 1641 2007 necesse
1673 1969 1739 2008 est

326 2040 517 2095 aliquam
565 2051 738 2079 causam
783 2035 1018 2090 assignare,
1052 2048 1149 2089 quie
1181 2033 1308 2074 nobis
1352 2036 1555 2090 prompta
1587 2037 1651 2076 est
1695 2037 1740 2077 et

325 2108 467 2164 plana,
501 2105 571 2148 cui
603 2103 841 2147 contradici
883 2117 973 2144 non
1004 2101 1134 2151 valet,
1182 2115 1313 2156 quam
1354 2101 1513 2143 scimus
1544 2117 1621 2158 per
1664 2117 1732 2145 ex-

325 2174 613 2232 perientiam3
661 2176 705 2214 et
747 2171 844 2213 ideo
878 2171 990 2212 circa
1021 2170 1142 2211 illam
1175 2169 1497 2226 negotiandum
1544 2174 1621 2222 est,
1669 2172 1738 2214 uti

325 2245 535 2300 appareat
577 2240 790 2283 mirabilis
834 2242 879 2281 et
924 2238 1159 2280 ineffabilis
1205 2238 1374 2280 utilitas
1421 2244 1464 2281 et
1507 2239 1739 2296 magnifica

326 2312 520 2354 scientiae
551 2307 916 2366 experimentalis,
952 2310 996 2348 et
1045 2305 1299 2362 apperiatur
1330 2306 1426 2348 vita
1465 2306 1739 2362 juxtaillud

326 2383 538 2421 secretum
569 2380 832 2420 secretorum
854 2375 972 2431 quod
993 2374 1256 2415 Aristoteles
1279 2374 1516 2416 occultavit
1546 2374 1595 2416 in
1625 2375 1739 2430 libro

325 2448 394 2490 De
429 2446 658 2502 Regimine
692 2444 822 2485 Vitae.
886 2443 997 2484 Cum
1040 2442 1155 2483 enim
1189 2442 1385 2497 regimen
1426 2442 1630 2484 sanitatis
1664 2443 1736 2484 de-

325 2517 429 2557 beat
470 2528 559 2556 esse
602 2513 649 2553 in
692 2511 789 2553 cibo
831 2513 876 2551 et
915 2512 1035 2566 potu,
1069 2523 1219 2550 somno
1256 2512 1300 2550 et
1336 2508 1502 2565 vigilia,
1534 2512 1658 2551 motu
1690 2514 1736 2553 et

327 2584 483 2639 quiete,
518 2579 802 2624 evacuatione
834 2580 878 2619 et
918 2577 1173 2626 retentione,
1218 2576 1330 2617 aeris
1362 2576 1657 2632 dispositione,
1691 2582 1736 2621 et

326 2650 599 2709 passionibus
647 2647 793 2698 animi,
827 2648 873 2687 et
914 2645 1007 2687 haec
1038 2648 1090 2686 ut
1120 2644 1167 2685 in
1211 2644 1360 2685 debito
1390 2648 1734 2701 temperamento

326 2721 591 2762 haberentur
641 2717 698 2758 ab
758 2714 956 2765 infantia,
1015 2712 1067 2754 de
1118 2712 1186 2754 his
1246 2713 1539 2769 temperandis
1589 2716 1735 2758 nullus

325 2788 555 2830 hominum
604 2785 693 2828 fere
742 2783 813 2825 vel
863 2784 998 2832 curat,
1041 2780 1112 2822 vel
1152 2795 1230 2823 nec
1276 2781 1442 2832 medici,
1477 2783 1625 2838 quales
1656 2798 1734 2826 nos

326 2857 548 2907 vidimus3
620 2852 735 2910 quod
788 2852 840 2894 de
900 2849 1145 2894 millenario
1208 2849 1471 2893 medicorum
1522 2851 1600 2892 vix
1651 2852 1736 2894 erit
