1964 3259
231 259 312 290 vn.
662 259 968 290 COMPENDIUM
999 259 1164 290 STUDII.
1553 252 1637 291 455

226 376 492 420 ablationem
524 377 710 419 duarum
750 376 1016 432 syllabarum
1058 376 1105 416 in
1146 376 1233 417 fine
1274 376 1344 426 sie,
1379 375 1636 432 tipsamaro-
1653 381 1695 432 11}
1711 394 1804 416 scan-

226 459 359 501 7‘yze,·
396 449 448 488 ut
483 446 544 487 sio
584 445 745 486 habeat
777 444 966 485 mediam
1002 444 1272 499 productam,
1316 443 1429 485 hanc
1475 444 1636 487 seilicet
1654 437 1740 459 ΖΠΗ

226 514 439 568 syllabam
473 529 533 556 sa.
597 513 685 555 Sed
718 512 788 554 hio
819 526 938 553 error
958 512 1198 554 vilissimus
1230 515 1275 554 et
1306 516 1456 554 eontra
1487 526 1636 555 omnes

224 585 431 624 auctores.
494 582 553 624 Et
574 581 714 638 primo
735 580 1024 636 impugnatur
1052 595 1130 636 per
1161 580 1370 630 Macrum,
1394 584 1445 622 ut
1465 583 1633 623 tactum

223 653 288 691 est
331 651 539 706 superius.
604 648 802 691 Secundo
848 648 1135 704 impugnatur
1181 663 1257 704 per
1288 649 1482 705 regulam
1516 649 1631 691 Pris-

221 717 336 759 ciani
381 718 428 759 in
471 720 627 774 quarto
674 715 817 766 libro,l
852 717 969 772 quod
1007 731 1037 758 α
1081 719 1185 759 ante
1216 731 1243 758 ‘r
1283 716 1331 757 in
1373 718 1629 760 derivativis

218 786 483 841 producitur,
533 788 584 826 ut
630 784 864 840 popularis,
908 784 1152 840 singularis,
1186 783 1424 835 familiaris,
1458 801 1626 837 avarus,

216 854 495 904 contrarium,
530 853 779 904 armarium,
828 855 872 893 et
916 851 1180 906 hujusmodi.
1247 852 1392 909 Igitur
1434 855 1629 910 ptisana-

215 921 330 962 rium
360 921 543 963 habebit
587 935 617 962 a,
660 921 841 976 longum
886 923 989 962 ante
1031 936 1068 962 r.
1134 920 1305 962 Deinde
1348 921 1504 963 fortius
1547 923 1627 964 hoe

214 989 427 1044 probatur
474 1003 552 1045 per
596 989 671 1044 jus
723 988 944 1044 poeticum
996 988 1234 1030 scandendi
1280 1004 1461 1042 versus3
1524 991 1626 1046 quia

216 1056 364 1099 nullus
406 1061 639 1114 poetarum
697 1072 894 1112 unquam
947 1057 1045 1098 vult
1104 1057 1304 1098 subtrahi
1355 1058 1439 1099 nisi
1491 1074 1624 1100 unam

216 1125 432 1181 syllabam
494 1129 682 1175 tantum,
736 1126 853 1181 quod
905 1124 1008 1166 licet
1070 1125 1272 1167 inducere
1337 1140 1413 1181 per
1475 1141 1624 1168 omnes

216 1196 378 1249 poetas,
411 1196 504 1235 tam
546 1193 743 1235 infideles
785 1207 916 1248 quam
952 1192 1254 1245 Christianos3
1298 1194 1420 1235 verbi
1465 1195 1620 1250 gratia,

218 1260 432 1303 Horatius
465 1260 576 1317 [Sat.
599 1261 624 1303 i.
649 1261 689 1312 7,
714 1261 801 1317 14.]
824 1274 832 1299 ε

217 1362 355 1404 “Non
376 1363 507 1404 aliam
529 1362 584 1403 ob
607 1376 792 1412 causam,
815 1361 900 1402 nisi
922 1362 1039 1416 quod
1060 1361 1203 1403 virtus
1224 1362 1270 1403 in
1292 1365 1476 1418 utroque
1508 1368 1574 1406 est
1585 1363 1620 1415 ;’'

214 1482 284 1523 hio
305 1482 446 1523 solum
480 1481 571 1523 haee
603 1481 770 1536 syllaba
801 1494 879 1522 am
910 1480 958 1521 in
980 1480 1059 1522 hae
1091 1481 1281 1522 dictione
1313 1481 1462 1524 aliam
1484 1483 1618 1524 demi-

213 1554 298 1592 tur.
384 1550 433 1591 Si
465 1550 581 1592 enim
626 1550 724 1591 duae
762 1550 1005 1599 demantur,
1049 1549 1211 1590 seilicet
1241 1548 1261 1591 ’ἰ
1293 1552 1337 1590 et
1368 1564 1456 1600 am,
1489 1554 1541 1592 ut
1572 1551 1619 1593 al

211 1621 435 1659 remaneat
465 1618 645 1660 dicendo
678 1617 748 1667 sic,
772 1617 823 1658 N
820 1631 880 1659 on
911 1617 959 1659 al
981 1616 1030 1659 ob
1052 1631 1252 1668 causam,
1277 1620 1322 1660 et
1344 1622 1509 1670 caetera,
1534 1621 1617 1661 erit

210 1701 361 1728 versus
391 1686 536 1737 falsus,
570 1700 667 1727 eum
719 1685 767 1727 al
813 1685 873 1727 sit
921 1685 1066 1727 brevis
1109 1690 1154 1727 et
1197 1687 1395 1741 sequitur
1428 1688 1616 1740 vocalis;

209 1755 284 1796 sed
305 1755 366 1796 sic
387 1754 633 1796 scandendo
655 1754 920 1810 producitur.
965 1754 1179 1796 Similiter
1199 1754 1318 1810 apud
1350 1755 1615 1798 Lucanum22

300 1878 322 1894 “
340 1873 529 1922 Italiam,
563 1875 760 1914 extremo
793 1872 941 1914 sedeat
973 1873 1089 1928 quod
1121 1874 1268 1915 littore
1301 1873 1523 1930 magnus.''

207 1991 256 2033 Si
299 1991 416 2031 enim
453 1991 550 2032 duae
583 1990 762 2045 syllabae
795 1992 1026 2032 demantur
1057 1993 1104 2032 in
1136 1992 1379 2034 scandendo
1410 1993 1482 2045 sic,
1515 1994 1611 2037 Ital

206 2063 407 2110 extremo,
455 2063 500 2100 et
542 2062 708 2111 oaetera,
753 2059 836 2100 erit
878 2074 1028 2100 versus
1068 2060 1210 2109 falsus,
1246 2061 1349 2115 quia
1379 2061 1426 2102 ccl
1466 2063 1610 2104 brexds

205 2131 279 2168 est.
334 2126 466 2169 Unde
497 2127 722 2183 Virgilius,
759 2127 968 2168 “Italiam
999 2127 1129 2179 fato?
1159 2131 1204 2169 et
1230 2131 1412 2181 eaetera3
1445 2131 1609 2173 sedhic

204 2199 311 2237 tunc
358 2198 610 2250 sequeretur
657 2195 830 2245 vocalis,
865 2196 982 2250 quod
1029 2210 1118 2237 esse
1159 2210 1247 2238 non
1289 2199 1433 2252 potest
1475 2198 1606 2240 etiam

201 2263 318 2319 apud
349 2263 586 2318 Virgilium
623 2262 742 2318 [AEn.
766 2262 792 2305 i.
820 2263 905 2318 3]:

379 2373 610 2415 “Multum
641 2374 714 2415 ille
745 2377 790 2415 et
821 2374 950 2415 terris
974 2374 1169 2430 jactatus
1200 2379 1244 2417 et
1277 2376 1368 2417 alto
1389 2376 1426 2429 ;”

203 2482 289 2534 Qui
321 2483 469 2524 scandi
501 2483 630 2524 debet
662 2483 731 2533 sie,
765 2487 787 2504 “
806 2482 998 2525 Multum
1030 2484 1140 2536 ille‚”
1167 2487 1211 2526 et
1240 2488 1404 2535 caetera,
1435 2489 1486 2527 ut
1517 2502 1603 2528 una

201 2554 375 2592 tantum
419 2551 621 2593 dematur
661 2551 840 2607 syllaba.
904 2553 964 2593 Et
1005 2553 1064 2593 sie
1117 2554 1169 2594 de
1216 2554 1416 2595 omnibus
1462 2556 1602 2609 poetis

201 2621 302 2660 ante
330 2619 553 2661 Christum
584 2635 808 2675 nunquam
839 2621 1089 2661 invenietur
1119 2622 1337 2662 instantia.
1391 2621 1601 2664 Similiter

243 2834 252 2852 ¹
270 2833 366 2876 libro]
387 2834 448 2867 See
464 2846 493 2877 p,
515 2840 586 2876 110,
605 2838 654 2869 ed.
678 2841 770 2869 1545.
896 2836 902 2880 Ι
967 2838 978 2855 '·'
994 2836 1180 2879 Lucanum]
1200 2836 1263 2868 Ph.
1280 2836 1314 2869 ii.
1333 2840 1406 2868 659.
