1964 3259
112 393 253 425 Bacon’s

112 439 305 479 objections.

120 1628 173 1660 No
190 1630 302 1662 bodies

119 1674 153 1704 111
173 1685 326 1714 vacuum,

119 1720 282 1752 therefore

120 1774 162 1795 no
179 1765 303 1797 motion
319 1777 326 1803 ;

340 263 424 303 152
849 271 1019 302 ROGERI
1052 270 1245 302 BAcoms
1629 262 1743 317 [CAR

336 389 454 430 niam
482 403 677 440 vacuum,
702 392 751 429 ut
784 388 1030 444 philosophi
1056 389 1311 444 posuerunt,
1335 390 1380 428 et
1412 389 1464 427 ut
1486 386 1745 429 Aristoteles

336 458 479 499 utitur
509 462 661 499 contra
693 471 776 507 eos,
804 460 870 498 est
900 457 1092 513 spatium
1121 470 1322 508 vacuum,
1356 455 1520 497 habens
1551 455 1744 510 longum,

337 527 490 578 latum,
535 530 578 568 et
620 526 902 582 profundum,
949 539 1099 567 carens
1140 528 1289 566 tamen
1332 523 1608 566 naturalibus
1652 537 1747 578 pas-

338 595 544 645 sionibus,
581 610 678 650 quae
717 598 822 636 sunt
856 594 1058 643 calidum,
1096 593 1320 650 frigidum,
1359 607 1518 642 rarum,
1552 592 1746 643 densum,

339 664 478 715 molle,
513 664 682 715 durum,
716 677 861 719 grave,
895 663 1004 714 leve,
1037 665 1082 704 et
1114 661 1375 718 hujusmodi.

401 731 486 773 Sed
539 732 619 773 1106
671 731 862 787 spatium
914 731 974 772 sic
1015 731 1208 787 positum
1250 730 1385 771 habet
1427 729 1543 771 unde
1584 728 1750 785 repleat

338 801 481 842 locum
523 804 567 842 et
608 815 836 855 nunquam
877 800 1003 842 cedat
1045 799 1185 851 alicui,
1230 802 1281 840 ut
1330 798 1435 841 dicit
1477 797 1748 848 Aristoteles,

342 869 534 925 capitulo
587 869 655 911 De
716 869 902 919 Vacuo;
967 868 1174 924 quoniam
1227 881 1306 924 per
1357 867 1520 909 trinam
1586 867 1752 909 dimen-

341 938 507 979 sionem
552 952 706 993 corpus
740 937 969 992 quodlibet
1016 937 1155 992 replet
1201 936 1353 978 locum.
1419 936 1551 977 Unde
1596 950 1751 991 corpus

341 1006 541 1048 naturale
583 1020 673 1048 non
706 1006 844 1061 replet
886 1005 1029 1046 locum
1070 1008 1251 1061 propter
1284 1005 1469 1046 calorem
1506 1008 1550 1046 et
1582 1004 1750 1060 frigidi-

341 1078 489 1123 tatem,
529 1075 600 1115 vel
658 1074 788 1115 aliam
840 1074 1085 1129 passionem
1139 1073 1398 1124 naturalem,
1450 1073 1524 1114 sed
1576 1075 1754 1128 propter

342 1143 504 1185 trinam
542 1143 888 1193 dimensione1n3
955 1145 1000 1183 et
1051 1141 1149 1183 ideo
1202 1156 1300 1183 cum
1352 1155 1541 1183 vacuum
1593 1141 1753 1182 habeat

342 1211 592 1266 hujusmodi
655 1211 988 1261 dimensionem,
1051 1213 1204 1251 natum
1281 1212 1348 1251 est
1420 1210 1561 1251 locum
1626 1224 1753 1251 suum

342 1281 518 1336 replere,
593 1280 705 1322 sicut
757 1280 1044 1335 quodcunque
1107 1293 1262 1335 corpus
1325 1279 1538 1320 naturale.
1662 1278 1705 1319 N
1709 1293 1756 1320 ec

342 1352 488 1404 potest
540 1349 699 1397 cedere,
754 1348 856 1403 quia
907 1348 1075 1388 nullam
1128 1347 1375 1403 passionem
1431 1347 1567 1388 habet
1629 1350 1757 1388 natu-

342 1418 488 1458 ralem.
556 1417 724 1473 Corpus
776 1417 893 1457 enim
955 1416 1031 1457 alii
1084 1430 1174 1457 non
1228 1416 1344 1458 cedit
1386 1415 1469 1457 nisi
1515 1415 1619 1471 quia
1660 1414 1755 1456 est¹

343 1486 484 1537 molle,
528 1489 571 1527 et
613 1485 864 1541 hujusmodi
909 1484 1144 1526 causamn-²
1197 1500 1222 1525 a
1260 1484 1549 1540 qualitatibus
1590 1483 1755 1540 primis,

344 1568 441 1608 quae
484 1558 588 1595 sunt
621 1554 821 1604 calidum,
865 1553 1087 1609 frigidum,
1124 1553 1368 1604 humidum,
1413 1553 1601 1604 siccum,
1654 1568 1756 1609 ergo

344 1638 532 1665 vacuum
584 1622 694 1664 nulli
748 1622 915 1678 corpori
968 1621 1112 1663 cedit.3
1216 1622 1301 1664 Sed
1353 1625 1499 1663 motus
1550 1637 1640 1663 non
1692 1626 1757 1664 est

345 1692 429 1734 nisi
492 1692 569 1733 ubi
621 1691 810 1733 medium
877 1691 992 1732 cedit
1046 1690 1208 1739 mobili,
1272 1690 1375 1745 quia
1432 1691 1561 1732 aliter
1613 1695 1757 1733 essent

345 1761 430 1802 duo
474 1775 653 1817 corpora
690 1760 847 1812 simul;
891 1773 994 1816 ergo
1032 1759 1297 1814 relinquitur
1331 1758 1448 1814 quod
1486 1773 1575 1800 non
1613 1763 1757 1815 potest

345 1843 435 1872 esse
483 1829 641 1884 aliquis
689 1831 835 1870 motus
882 1827 1071 1884 corporis
1129 1827 1177 1868 in
1219 1841 1368 1878 vacuo,
1412 1842 1489 1869 nec
1545 1828 1758 1869 naturalis

344 1914 422 1940 nec
464 1897 756 1949 voluntarius,
800 1910 878 1938 nec
912 1894 1091 1952 aliqu04
1135 1896 1219 1937 alio
1262 1896 1392 1937 modo
1428 1897 1754 1952 excogitandus.

346 1968 405 2009 Et
457 1966 550 2010 haec
603 1970 668 2008 est
732 1965 1049 2008 demonstratio
1113 1965 1366 2006 Aristotelis
1418 1979 1569 2007 versus
1620 1965 1754 2007 finem

346 2036 529 2092 capituli
579 2035 645 2077 De
681 2035 841 2076 Vacuo.
917 2034 978 2076 Et
1027 2034 1147 2075 istud
1205 2033 1403 2075 concedo.
1486 2034 1545 2075 Et
1594 2034 1756 2076 mirum

346 2109 411 2146 est
453 2105 569 2160 quod
611 2104 807 2146 doctores
841 2103 965 2159 vulgi
1017 2117 1105 2144 non
1147 2102 1425 2143 considerant
1461 2102 1542 2144 hoc
1576 2117 1674 2145 611111
1710 2103 1757 2145 111

345 2188 422 2215 suo
466 2176 595 2215 textu
637 2172 856 2214 consistat.
940 2172 1000 2213 Et
1051 2186 1149 2213 eum
1191 2170 1399 2226 objicitur
1440 2185 1516 2227 per
1566 2172 1758 2214 rationes

346 2246 436 2283 tres
489 2242 662 2297 primas,
702 2241 818 2297 quod
870 2240 933 2281 ibi
986 2239 1125 2296 possit
1177 2254 1265 2281 esse
1317 2242 1473 2288 motus>
1526 2239 1627 2281 licet
1668 2255 1756 2281 non

346 2310 573 2361 naturalis,
603 2309 833 2351 dicendum
871 2313 937 2350 est
971 2309 1085 2364 quod
1123 2308 1203 2349 hoc
1240 2311 1352 2349 esset
1388 2322 1554 2359 verum,
1592 2307 1628 2349 si
1666 2308 1757 2349 sola

347 2378 574 2433 quantitas
606 2378 739 2433 spatii
781 2377 1141 2428 consideraretur,
1175 2379 1226 2417 ut
1258 2376 1344 2418 11166
1376 2375 1568 2417 rationes
1609 2390 1754 2431 proce-

348 2447 469 2487 dunt.
526 2445 612 2487 sed
635 2445 754 2487 aliud
777 2449 843 2487 est
872 2445 1140 2500 impediens3
1172 2444 1335 2485 scilicet
1356 2444 1473 2500 quod
1500 2458 1589 2485 non
1610 2447 1756 2500 potest

348 2530 534 2556 vacuum
588 2515 738 2556 cedere
791 2513 972 2570 corpori,
1035 2516 1080 2555 et
1131 2512 1227 2554 ideo
1279 2527 1358 2555 1166
1409 2515 1556 2568 potest
1606 2513 1653 2554 in
1705 2529 1754 2556 eo

347 2583 477 2639 recipi
511 2597 590 2624 nec
625 2582 800 2625 moveri.

393 2782 399 2799 ¹
419 2781 481 2822 est]
511 2790 574 2813 om.
601 2781 640 2812 T.
1126 2780 1137 2797 ³
1154 2778 1254 2820 cedit]
1282 2779 1384 2816 cedet,
1408 2778 1446 2810 Β.
1465 2778 1503 2811 L.
1519 2778 1558 2810 T.

389 2835 400 2852 ²
416 2833 588 2875 causatur]
639 2844 674 2865 so
714 2833 753 2865 T.
778 2846 785 2871 ;
827 2833 928 2874 {anyit
978 2832 1012 2864 in
1126 2832 1136 2849 ·¹
1153 2831 1276 2873 aliquo]
1305 2841 1368 2864 om.
1394 2831 1433 2863 T.

346 2887 483 2919 another
499 2887 597 2918 hand.
652 2886 820 2928 Tangitur,
839 2886 877 2917 L.
